3738 5720
439 545 492 596 ΧΠ
909 547 1188 601 PROLEGOMENA:

523 694 559 757 ln
583 691 694 758 eodem
729 695 813 764 statu
840 693 1089 764 Concordantiae
1117 695 1158 759 ab
1184 714 1269 764 anno
1298 697 1375 757 1300
1407 693 1449 757 ad
1477 691 1644 758 concilium

444 807 625 872 Basileensc
645 808 760 888 (1430.)
787 813 1016 888 remanserant;
1046 815 1111 872 tum
1139 814 1244 874 autem
1272 808 1387 874 eximio
1410 806 1530 872 ordinis
1549 807 1643 870 Prae·

444 920 617 986 dicatomm
647 920 764 1001 sodali,
795 921 937 985 Ioanni
965 921 1010 985 de
1030 921 1238 1004 Ragusio,¹
1264 923 1317 1004 qui
1338 922 1472 1005 primum
1497 921 1645 985 Basileae

442 1035 475 1099 in
496 1035 568 1118 ipsa
589 1033 709 1117 synodo
729 1055 799 1099 cum
820 1015 967 1100 Bobemis
991 1034 1031 1100 de
1052 1036 1209 1119 particula
1228 1038 1309 1115 urba',
1331 1035 1446 1101 deinde
1467 1035 1644 1100 Constanti-

403 1191 405 1196 ·
443 1149 559 1231 nopoli,
582 1168 643 1230 quo
665 1168 686 1213 a
705 1148 825 1232 synodo
847 1149 969 1232 legatus
988 1149 1102 1214 missus
1120 1156 1196 1230 erat,
1217 1150 1433 1216 cumGraecis
1448 1148 1489 1214 de
1507 1148 1643 1232 particu-

442 1263 543 1327 larum
563 1285 603 1325 aa
625 1267 657 1326 et
672 1285 732 1346 per
761 1281 837 1326 vera
862 1262 989 1327 notione
1017 1283 1106 1328 acres
1133 1263 1286 1329 habuerat
1313 1263 1575 1344 concertationes,
1609 1263 1644 1326 in

443 1383 580 1440 mentem
604 1377 708 1463 venit,
732 1376 904 1459 particulas
932 1395 1040 1441 omnes
1060 1377 1301 1442 indeclinabiles
1324 1377 1504 1461 Scripturas
1525 1396 1645 1457 sacrae,

444 1509 524 1571 quae
545 1489 577 1553 in
590 1488 830 1554 Concordantiis
848 1509 944 1573 supra
961 1490 1068 1554 relatis
1087 1490 1221 1556 omissae
1232 1498 1331 1572 erant,
1352 1489 1546 1573 colligendas
1564 1509 1646 1569 esse,

444 1608 478 1666 nt
504 1603 589 1668 facta
614 1603 751 1668 locorum
777 1603 961 1682 collatione,
988 1603 1066 1685 quid
1092 1605 1209 1686 ubique
1239 1604 1431 1688 significent,
1459 1603 1573 1668 certius
1594 1623 1644 1667 co-

443 1722 652 1798 gnosceretur.
698 1718 871 1800 Ioannes
891 1717 937 1782 de
958 1718 1148 1798 Secubia,
1173 1718 1347 1802 Hispanus,
1368 1717 1563 1800 Theologiae
1580 1717 1644 1781 Do-

444 1836 526 1910 ctor,
550 1830 727 1896 Canonieus
749 1831 929 1912 Toletanus,
951 1831 1056 1911 quiet
1080 1832 1202 1915 ipsein
1224 1831 1344 1916 synodo
1364 1851 1514 1914 praesens
1533 1830 1646 1912 fuerat,

443 1945 476 2008 in
496 1945 629 2027 Prologo
650 1944 723 2010 huic
744 1964 826 2008 novo
846 1945 933 2028 operi
954 1944 1093 2028 praefixo
1113 1965 1183 2010 eam
1204 1965 1270 2010 rem
1291 1946 1337 2011 sic
1357 1951 1479 2010 narrat:

524 2099 588 2140 „—
601 2058 736 2142 -Ipsis
760 2058 856 2150 igitur
872 2058 1063 2123 dictionibus
1086 2058 1373 2140 indeclinabilibus,
1395 2079 1526 2141 quarum
1547 2058 1644 2140 signi-

443 2173 548 2238 ficatio
565 2173 692 2256 propria
708 2178 782 2236 tunc
804 2172 1028 2254 inquirebatur,
1049 2155 1183 2254 aliisque
1201 2173 1345 2238 omnibus
1364 2193 1427 2237 non
1440 2173 1550 2237 tamin
1561 2192 1645 2236 novo

443 2307 537 2369 quam
558 2287 592 2351 in
616 2287 714 2352 veteri
736 2292 931 2368 testamento,
953 2306 1022 2351 oum
1044 2286 1104 2352 hoc
1123 2287 1250 2351 maioris
1267 2287 1309 2351 sit
1326 2286 1548 2367 continentiae,
1567 2287 1645 2350 mul-

444 2400 596 2484 tiplicatis
618 2400 741 2464 occasio
764 2398 917 2482 praestita
937 2405 1001 2478 est,
1032 2405 1071 2463 ut
1091 2399 1298 2482 perscrutatio
1320 2399 1407 2464 fieret
1428 2399 1469 2463 de
1489 2399 1645 2480 omnibus,

443 2520 663 2596 praeterquam
683 2512 724 2577 de
745 2512 905 2577 adverbiis
926 2511 1189 2578 descendentibus
1207 2513 1401 2578 ordinaries
1418 2513 1648 2579 nominibuset

444 2626 628 2710 participiis.
657 2626 748 2704 Quod
770 2625 897 2708 quidem
915 2628 1050 2690 loannes
1071 2626 1140 2710 ipse
1164 2625 1367 2714 [Ragusinus]
1389 2633 1514 2711 praeter
1535 2625 1646 2690 dictio-

445 2760 517 2804 nem
538 2764 600 2803 aoo
620 2745 709 2804 etex
729 2739 833 2804 minus
854 2727 1026 2834 numerosis
1044 2740 1198 2822 quasdam
1219 2760 1347 2824 paucas,
1369 2761 1425 2825 per
1443 2740 1646 2824 semetipsum

324 2843 325 2848 ’
350 2854 355 2864 “
444 2874 506 2918 non
525 2853 615 2934 fecit,
637 2837 749 2917 sedin
771 2859 854 2917 statu
874 2855 1060 2918 constitutus
1077 2874 1133 2935 per
1154 2855 1353 2938 capellanum
1373 2874 1463 2919 suum
1484 2854 1646 2921 Galterum

445 2969 542 3032 Ionan
563 2968 690 3033 Scotum
711 2967 895 3050 magistrum
914 2968 948 3030 in
971 2968 1091 3032 artibus
1112 2968 1334 3051 theologiaque
1356 2969 1550 3033 instructum
1584 2967 1646 3046 Qui
1674 2952 1677 2956 ⁵

445 3082 545 3165 primo
572 3079 668 3145 unum
695 3081 878 3163 composuit¹
896 3081 1040 3146 volumen
1068 3082 1187 3165 absque
1209 3081 1318 3146 ordine
1343 3081 1560 3165 alphabetico,
1587 3080 1644 3146 sed

444 3201 536 3279 prout
554 3195 663 3260 ordine
682 3196 854 3279 scripturae
875 3196 908 3258 in
929 3195 1018 3260 libris
1036 3195 1160 3260 Bibliae
1176 3196 1423 3279 reperiebantur,
1445 3194 1561 3260 abinde
1575 3215 1645 3278 par-

445 3316 492 3375 tes
516 3310 622 3392 plures
644 3309 815 3392 excerpens
836 3309 924 3372 iuxta
950 3309 1042 3373 initia
1069 3317 1101 3374 et
1121 3328 1282 3373 numerum
1311 3309 1483 3374 dictionum
1504 3329 1566 3373 non
1588 3308 1646 3373 uti-

445 3443 506 3505 que
526 3423 672 3488 omnium.
714 3421 797 3485 Nam
820 3421 1007 3503 quibusdam
1032 3442 1139 3486 earum
1161 3423 1194 3486 in
1215 3407 1481 3504 quouis'capitulo
1499 3420 1647 3504 multipli-

445 3536 604 3602 catissime
632 3536 780 3619 repertis,
806 3541 877 3599 una'
893 3536 944 3600 vel
972 3536 1054 3601 duae
1081 3556 1138 3619 pro
1163 3536 1288 3619 singulo
1315 3536 1453 3618 capitulo
1475 3541 1646 3600 annotatae

446 3657 526 3714 sunt.
567 3649 680 3714 Maiori
701 3656 807 3713 autem
828 3656 918 3732 parte
939 3650 972 3712 in
994 3650 1094 3714 tribus
1115 3649 1180 3714 l'ere
1200 3651 1291 3713 annis
1309 3650 1466 3733 perillum
1482 3648 1648 3732 completa,

445 3754 517 3848 post
545 3763 613 3828 eius
639 3773 796 3828 recessum
828 3781 884 3846 per
919 3763 999 3828 alios
1026 3763 1105 3828 duos
1133 3770 1362 3845 consequenter
1386 3762 1458 3827 finis
1486 3763 1574 3846 operi
1600 3767 1650 3827 est

360 3951 362 3955 ,
446 3877 715 3957 accommodatus,
743 3876 785 3941 ad
813 3896 883 3942 eam
912 3867 987 3941 casui
1012 3896 1068 3941 suo
1095 3895 1190 3960 opere
1217 3877 1278 3941 isto
1300 3877 1449 3941 servienti
1472 3876 1648 3956 utilitatem,

446 3993 489 4057 ad
510 4012 604 4075 quam
627 3991 730 4056 dictus
750 3991 831 4055 liber
851 3991 949 4055 servit
966 3990 1268 4055 concordantiarum.
1286 4023 1323 4035 -
1340 3991 1402 4036 ·—“

530 4107 640 4188 ltaque
667 4107 802 4186 Ioannes
828 4104 1007 4186 Ragusinus
1035 4103 1110 4168 novi
1134 4103 1226 4168 istius
1246 4124 1358 4168 vocum
1377 4103 1649 4168 indeclinabilium

493 4281 499 4312 ¹
524 4274 687 4334 sindicus
709 4277 756 4330 est
776 4293 794 4330 a
815 4272 919 4349 patria,
934 4291 1001 4328 uam
1014 4271 1182 4345 Ragusinus
1197 4269 1443 4349 Epidedreneisve
1465 4276 1496 4329 et
1514 4270 1650 4328 Dalmata

447 4372 560 4446 origine
582 4374 647 4432 fnit.
696 4374 830 4432 Mortuus
851 4379 896 4432 est
920 4371 1004 4430 1444.
1047 4371 1119 4430 Eius
1141 4371 1202 4430 vita
1223 4391 1240 4429 a
1261 4371 1389 4435 Quelifio
1410 4371 1557 4447 descripta
1577 4371 1651 4445 legi-

445 4479 494 4530 tur
517 4470 537 4530 l.
557 4471 577 4529 1.
595 4473 627 4530 Τ.
651 4474 672 4531 Ι.
693 4491 720 4548 p.
741 4469 799 4530 797
822 4490 886 4548 sqq.
