3728 5726
885 573 1166 627 PROLEGOMENA.

631 725 782 782 collatione
802 725 964 797 linguarum
983 726 1129 796 utrobique
1144 727 1233 799 sueta,
1257 727 1432 782 suoomsima
1452 743 1630 810 συμφωνιᾳ,

960 826 1113 881 lectoribus
1135 826 1273 882 cohibent.

631 934 962 1015 authorelilonrado
978 934 1178 1000 Kirchero
1190 937 1385 1018 Augustano.
1404 937 1408 1017 Ι
1427 936 1545 1022 (I-njlo
1558 935 1634 997 hacc

631 1051 850 1134 interpositum
883 1061 930 1113 est
963 1048 1167 1134 Br‘blr’opoloc
1195 1050 1355 1135 Insigne.)
1380 1052 1384 1124 Ι
1410 1047 1631 1128 Francofvrtil

628 1163 723 1248 Apud
738 1162 905 1230 Claudium
925 1163 1090 1247 Marnium,
1112 1169 1144 1230 et
1164 1163 1297 1230 heredes
1310 1164 1468 1244 johannis
1480 1163 1592 1229 Anbrii
1611 1163 1615 1245 Ι

1048 1312 1077 1361 m
1098 1311 1207 1363 Dcvn.

510 1411 612 1476 Huius
632 1412 747 1496 operis,
769 1411 854 1494 quod
877 1431 916 1476 ex
929 1411 1128 1476 Bibliotheca
1140 1411 1286 1476 Mariana
1306 1412 1502 1476 inmanibus
1522 1411 1634 1493 habeo,

430 1526 507 1590 Pars
528 1524 552 1590 I.
575 1525 715 1591 continet
736 1528 792 1588 143
814 1526 979 1610 plagulae,
1006 1545 1137 1608 quarum
1158 1525 1261 1609 prima
1282 1526 1447 1608 asterisco,
1468 1532 1635 1608 sequentes

430 1639 543 1705 litteris
563 1641 686 1723 A—-Z,
714 1641 876 1722 Aa-Zz,
907 1641 1105 1722 ana-zzz,
1132 1641 1246 1722 AaaA,
1273 1641 1372 1707 BbbB
1391 1641 1536 1724 signatae
1553 1647 1635 1721 sunt,

431 1773 563 1836 quarum
584 1775 727 1838 quaeque
748 1757 767 1816 2
787 1755 933 1840 plagulas
948 1755 980 1835 (8
992 1754 1081 1834 t'olia)
1097 1754 1323 1839 complectitur.
1362 1755 1635 1839 Praeterprimam

432 1868 604 1952 plagulam,
624 1889 756 1952 quarum
774 1870 912 1954 paginae
933 1869 1146 1953 superioribus
1165 1870 1303 1934 numeris
1320 1874 1436 1951 carent,
1456 1889 1565 1934 omnes
1581 1889 1635 1953 pa-

430 1983 526 2067 ginae
548 1982 627 2049 dnos
648 1983 766 2050 habent
787 2005 932 2050 numeros
956 1985 1150 2069 superiores,
1179 2004 1274 2049 unum
1293 2004 1313 2048 a
1335 1985 1480 2066 sinistra,
1502 1981 1636 2050 alterum

430 2116 451 2162 a
470 2096 583 2162 dextra
608 2098 762 2182 positum,
794 2099 835 2164 ah
860 2102 885 2162 1.
907 2101 926 2161 2
945 2098 986 2179 (Α
1010 2101 1050 2180 p)
1071 2118 1170 2181 usque
1191 2097 1233 2162 ad
1254 2100 1330 2160 2271
1354 2100 1433 2160 2272
1455 2099 1565 2179 (BbbB
1586 2101 1634 2182 Sl)
1760 2151 1763 2154 .

430 2209 676 2294 progredientes,
700 2249 738 2257 -—
759 2213 795 2276 In
816 2211 938 2277 duobus
955 2212 1049 2295 t'oliis,
1070 2232 1152 2294 quae
1168 2212 1292 2277 titulum
1306 2213 1449 2296 proxime
1464 2221 1637 2296 sequuntur

431 2325 462 2406 (²¹⁸
476 2327 505 2390 2.
524 2329 556 2407 3)
582 2326 747 2392 exhibetur
775 2328 911 2392 auctoris
940 2327 1075 2411 epistola
1103 2326 1301 2393 dedicatoria
1327 2328 1370 2392 ad
1396 2329 1636 2413 Rempublicam

430 2440 665 2523 Augustanam,
686 2460 725 2505 ex
747 2441 876 2506 Musaeo
896 2441 1149 2507 Sueuowerdano
1173 2442 1258 2505 1607.
1279 2440 1372 2525 data,
1395 2443 1427 2506 in
1446 2443 1538 2509 tertio
1560 2444 1635 2508 folio

431 2554 499 2619 eius
525 2554 680 2638 praefatio
705 2554 756 2619 Ad
781 2555 944 2637 lectorem,
979 2557 1145 2622 subiuncta
1176 2557 1404 2646 epigrammate
1424 2557 1475 2622 Ad
1503 2558 1635 2623 Zoilum.

431 2668 521 2733 Folio
543 2670 572 2733 A
588 2671 617 2730 lu
629 2668 784 2753 incipiunt
803 2669 893 2753 ipsae
909 2669 1168 2736 concordantiae.
1209 2671 1247 2736 In
1268 2671 1319 2736 his
1341 2671 1483 2754 singulae
1496 2673 1635 2755 paginae

431 2782 516 2847 linea
536 2782 643 2847 media
668 2782 920 2867 perpendiculari
945 2783 1070 2849 divisae
1095 2791 1167 2850 sunt
1194 2785 1227 2849 in
1248 2784 1328 2850 duas
1350 2791 1455 2869 partes
1476 2788 1634 2869 aequales,

431 2916 563 2978 quarum
596 2916 739 2983 quaeque
767 2899 959 2981 peculiarem
989 2899 1085 2965 habet
1110 2918 1273 2965 numerum
1304 2901 1512 2985 superiorem,
1539 2907 1635 2984 atque

432 3030 527 3076 unum
547 3011 694 3096 pluresve
714 3032 808 3079 voces
831 3014 997 3079 hebraicas
1021 3015 1051 3079 ei
1072 3014 1252 3099 inscriptas,
1274 3023 1308 3079 ut
1330 3016 1428 3081 lector
1448 3016 1632 3081 unoobtutu

433 3131 619 3208 cognoscat,
640 3126 682 3191 ad
706 3147 801 3211 quarn
822 3135 876 3194 seu
902 3148 1054 3211 quasnam
1076 3148 1169 3194 voces
1191 3127 1357 3196 hebraicas
1383 3130 1445 3195 loci
1470 3131 1577 3214 graeci
1602 3132 1635 3196 in

432 3240 493 3305 hac
517 3241 654 3324 paginae
677 3248 768 3324 parte
794 3243 947 3326 propositi
969 3243 1177 3326 pertineant.¹
1200 3243 1340 3326 Utraque
1366 3243 1477 3308 harum
1496 3245 1635 3329 paginae

432 3355 569 3439 partium
591 3355 703 3420 iterum
724 3354 829 3421 divisa
851 3357 953 3422 estin
976 3357 1056 3422 duas
1082 3357 1258 3438 columnas,
1277 3377 1407 3439 quarum
1432 3359 1560 3424 sinistra
1581 3380 1635 3424 an-

432 3475 525 3553 gusta
545 3475 608 3551 est,
636 3468 749 3534 dextra
772 3477 877 3536 autem
898 3491 1001 3555 paene
1024 3471 1152 3555 triplum
1174 3471 1267 3565 illius·
1287 3473 1425 3556 spatium
1448 3473 1553 3538 habet.
1595 3476 1632 3540 In

432 3583 492 3649 hac
511 3583 616 3648 latiori
631 3583 801 3649 afferuntur
814 3605 907 3650 voces
920 3584 1084 3667 hebraeae,
1106 3605 1213 3650 earum
1225 3586 1499 3670 interpretationes
1508 3591 1636 3673 latinae,

432 3704 464 3764 et
481 3717 615 3781 graecae
635 3718 739 3780 voces,
760 3700 872 3780 quihus
890 3699 964 3764 illae
985 3715 1093 3764 aLxx
1108 3701 1334 3784 Interpretibus
1354 3703 1527 3768 translatae
1547 3709 1636 3787 sunt;

432 3813 483 3878 his
513 3812 678 3878 subiuncta
707 3820 780 3878 sunt
805 3815 904 3880 verba
930 3835 1047 3898 graeca
1070 3815 1263 3899 singulorum
1289 3816 1444 3898 locorum,
1469 3817 1636 3901 inquibus

432 3927 506 3992 illae
528 3947 621 3993 voces
649 3927 735 3994 hebr.
757 3928 804 3993 sic
823 3949 937 4012 graece
959 3950 1052 3996 versa
1072 3934 1159 4013 sunt;
1189 3930 1278 3994 iuxta
1300 3929 1379 3995 haec
1399 3932 1496 3996 verba
1517 3953 1634 4016 graeca

432 4042 466 4105 in
487 4042 668 4125 angustiore
696 4042 840 4107 columna
866 4042 1045 4108 indicantur
1069 4042 1130 4108 loci
1159 4063 1264 4109 eorum
1286 4044 1412 4110 nomine
1432 4046 1505 4111 libri
1527 4047 1636 4114 biblici

434 4161 528 4239 atque
561 4176 689 4222 numero
721 4157 836 4240 capitis
870 4178 1049 4240 versusque.
1077 4198 1116 4206 -
1148 4159 1236 4223 Haec
1263 4159 1340 4223 Pars
1369 4159 1391 4222 Ι.
1421 4161 1637 4245 complectitur

434 4291 527 4338 voces
561 4271 646 4337 hebr.
675 4292 695 4336 a
721 4273 834 4337 litteris
864 4245 979 4336 NJ)
1010 4271 1169 4338 ordientes
1197 4293 1267 4338 cum
1289 4257 1547 4357 interpretatione
1572 4275 1638 4358 lat,

434 4387 565 4453 vocibus
588 4387 725 4470 graecis,
759 4407 840 4470 quae
866 4387 906 4453 iis
935 4387 969 4452 in
996 4388 1141 4453 versione
1172 4402 1247 4452 Lxx
1276 4388 1409 4471 Interpr.
1437 4388 1637 4472 respondent,

435 4509 530 4586 atque
549 4503 626 4569 locis
648 4504 741 4570 huius
760 4503 924 4586 versionis,
947 4503 981 4568 in
1003 4503 1115 4587 quibus
1136 4504 1182 4570 sic
1202 4523 1315 4588 graece
1331 4503 1504 4568 translatae
1524 4510 1604 4569 sunt.
