3738 5720
719 569 1003 624 PROLEGOMENA.
1376 567 1466 623 XXIX

340 715 475 782 Latinae
495 717 605 782 horum
630 719 666 780 12
689 717 826 784 locorum
844 717 1096 802 interpretationi
1118 717 1151 782 in
1172 711 1314 802 margine
1338 717 1467 782 additae

259 835 333 893 sunt
354 830 540 910 (minoribus
559 832 645 916 typis
662 832 852 916 exscriptae)
865 832 1021 916 Vulgatae
1043 832 1192 897 editionis
1208 838 1240 896 et
1257 832 1467 917 Septuaginta

260 944 470 1028 Interpretum
486 946 729 1030 discrepantiae,
749 966 881 1029 quarum
898 946 973 1011 illae
985 946 1091 1012 littera
1101 949 1145 1030 V,
1162 946 1223 1011 hae
1244 947 1303 1011 litt.
1317 947 1349 1011 S.
1362 947 1467 1028 signa-

260 1062 314 1121 tae
336 1064 416 1140 sunt,
437 1058 586 1142 praefixis
601 1059 714 1124 litteris
728 1060 832 1141 a-b,
852 1061 968 1144 lc-ra,
989 1060 1023 1124 in
1036 1060 1096 1125 lat..
1112 1060 1370 1144 interpretatione
1380 1078 1467 1143 repe-

260 1171 345 1255 titis,
363 1173 477 1255 quibus
498 1172 672 1257 indicatur,
699 1173 741 1238 ad
765 1193 843 1258 quas
864 1175 1132 1259 interpretationis
1158 1194 1252 1239 voces
1272 1179 1366 1238 notae
1387 1193 1466 1238 mar-

261 1285 385 1368 ginales
408 1288 595 1372 pertineant.
637 1289 682 1355 Ut
700 1288 808 1354 lectori
830 1290 987 1373 integrum
1006 1289 1099 1354 huius
1120 1289 1241 1373 primae
1262 1288 1378 1354 radicis
1400 1307 1469 1373 spe-

263 1401 367 1466 cimen
388 1422 429 1468 ex
449 1401 503 1466 illo
525 1422 621 1486 opere
639 1408 842 1488 proponatur,
861 1402 920 1469 has
941 1423 1065 1486 quoque
1087 1404 1117 1468 h.
1140 1405 1160 1468 l.
1182 1403 1296 1469 aliero:

343 1516 418 1580 aV.
447 1517 526 1583 Cum
553 1516 657 1582 adhue
685 1524 767 1583 esset
794 1519 827 1583 in
856 1517 932 1583 flore
959 1517 991 1583 S.
1017 1517 1122 1582 adhuc
1147 1518 1286 1584 existens
1307 1517 1341 1582 in
1360 1515 1467 1582 radice
1599 1605 1603 1614 ¹

261 1663 302 1672 —
326 1630 347 1694 b
364 1629 400 1695 V.
421 1651 517 1714 poma
537 1631 569 1696 S.
589 1632 622 1695 in
645 1633 786 1716 germine
815 1671 844 1680 -
872 1631 1133 1699 6111166166-
1153 1631 1175 1695 d
1192 1631 1228 1697 V.
1245 1638 1329 1698 esset
1352 1631 1467 1696 virens.

261 1744 295 1809 S.
308 1745 550 1827 germinaverat.
570 1783 608 1792 -
638 1745 707 1812 eV.
720 1746 752 1812 S.
779 1767 932 1812 novorum
952 1787 992 1796 -
1018 1748 1035 1812 1·
1049 1748 1086 1812 V.
1099 1746 1131 1812 S.
1153 1765 1305 1812 novorum
1325 1783 1361 1792 -
1384 1766 1407 1829 g
1430 1745 1467 1810 V.

259 1859 350 1923 verni
376 1861 525 1944 temporis
556 1899 585 1906 -
618 1859 696 1925 hV.
724 1860 764 1926 de
791 1861 888 1946 spicis
919 1861 1024 1928 adhuc
1055 1862 1229 1928 virentibus
1258 1861 1290 1927 S.
1317 1880 1402 1926 nova
1428 1896 1466 1906 -

260 1972 336 2038 kV.
362 1993 514 2056 novarum
535 1975 658 2058 frugum
679 1975 710 2041 S.
731 1995 882 2040 novorum
901 1999 941 2023 -·
960 1976 972 2040 l
988 1973 1026 2042 V.
1048 1977 1082 2041 in
1103 1977 1164 2042 isto
1186 1995 1292 2042 mense
1314 1976 1346 2041 S.
1359 1994 1467 2040 mense

234 2106 411 2183 ¹nouorum
443 2125 482 2134 -
517 2109 549 2152 m
565 2075 602 2153 V.
642 2108 789 2155 acervum
823 2109 976 2156 novarum
1016 2090 1140 2174 snrgum
1181 2091 1214 2156 S.
1231 2079 1234 2088 ’
1254 2080 1468 2173 captivantem

262 2201 414 2280 subhmis.

344 2316 414 2381 Hae
444 2316 603 2383 0616611
632 2317 898 2399 Concordantiae‚
927 2324 1007 2384 teste
1030 2318 1164 2402 Lipenio
1184 2317 1205 2382 l.
1219 2317 1239 2382 l.
1255 2317 1292 2380 Τ.
1306 2317 1330 2380 1.
1344 2337 1374 2401 p.
1389 2317 1468 2399 384,

263 2449 393 2497 recusae
412 2438 486 2497 sunt
505 2433 626 2497 Romae
651 2435 726 2497 1667
746 2438 779 2499 et
799 2433 864 2498 iam
883 2433 971 2518 prius
995 2433 1144 2499 Coloniae
1167 2434 1253 2496 1616.

625 2652 653 2717 3.
674 2651 870 2716 Iohannis
891 2649 1107 2715 Buxtorfii.

343 2799 544 2866 Iohannes
565 2800 809 2865 Buxtorfius
832 2818 908 2882 sen,
929 2818 958 2863 a.
984 2797 1228 2864 1566161166.
1256 2797 1414 2865 Camenae
1436 2798 1469 2863 in

264 2913 463 2998 Westphalia
484 2921 593 2996 natus,
621 2914 696 2981 inde
724 2915 766 2979 ab
793 2934 822 2979 a.
845 2916 930 2978 1591.
951 2913 1112 2978 Professor
1135 2912 1314 2997 linguarum
1335 2915 1468 2979 orienta-

262 3028 340 3092 lium
365 3028 398 3092 in
419 3028 593 3093 Academia
613 3028 807 3109 Basileensi,
834 3033 906 3112 post
926 3027 992 3092 alia
1013 3047 1125 3112 opera,
1146 3027 1260 3110 quibas
1280 3026 1320 3093 de
1340 3029 1468 3112 linguae

264 3142 432 3208 hebraicae
454 3143 559 3210 studio
580 3144 698 3228 optime
719 3143 863 3226 meruit,¹
889 3142 1073 3226 praesertim
1093 3149 1261 3226 postquam
1282 3143 1389 3208 Biblia
1407 3144 1469 3208 He-

263 3257 371 3322 braico
391 3257 568 3324 Rabbinica
594 3279 624 3322 a.
649 3260 724 3321 1619
751 3256 956 3340 absolverat,²
989 3256 1318 3322 Concordantias
1345 3277 1468 3341 quoque

264 3371 429 3438 hebraicas
446 3373 568 3438 meliori
588 3373 719 3455 ratione,
742 3392 837 3454 quam
850 3378 946 3436 antea
959 3369 1148 3455 prodierant,
1166 3371 1306 3436 edendas
1320 3372 1468 3454 suscepit,

264 3485 331 3568 sed,
350 3486 425 3551 dum
447 3487 506 3553 hoc
526 3507 605 3572 opus
624 3487 847 3570 gravissimum
865 3488 898 3556 in
915 3487 1016 3551 lucem
1037 3484 1130 3550 edere
1151 3505 1266 3568 magno
1283 3486 1361 3550 nixu
1376 3505 1467 3550 oona-

265 3605 357 3683 retur,
376 3601 428 3666 lue
449 3607 523 3666 tuno
543 3607 708 3686 grassante
732 3604 775 3665 13.
787 3601 872 3686 Sept.
889 3603 965 3663 1629
987 3600 1137 3684 abreptus
1158 3606 1205 3665 est
1227 3605 1258 3665 et
1278 3607 1468 3684 postremum

264 3715 313 3778 sui
335 3715 456 3798 ingenii
477 3714 712 3800 industriaeque
724 3721 957 3781 monumentum
978 3714 1042 3779 filio
1063 3714 1237 3779 Iohanni
1250 3713 1425 3779 antorf
1430 3714 1468 3778 io

265 3831 307 3909 (a.
329 3831 413 3894 1599.
438 3832 483 3894 13.
498 3832 579 3914 Aug.
600 3832 747 3896 Basileae
769 3836 859 3912 nato,
879 3849 909 3894 a.
926 3832 1015 3906 1630,
1036 3829 1118 3895 Prot'.
1139 3829 1267 3912 linguae
1287 3835 1416 3894 sanotae
1437 3833 1469 3893 et

267 3946 353 4008 1647.
382 3945 464 4010 Proi'.
492 3945 601 4010 Theol.
630 3951 824 4030 nuncupato,
852 3946 987 4009 61661.
1018 3946 1063 4007 16.
1083 3945 1162 4026 Aug.
1187 3942 1306 4008 ibidem
1332 3945 1468 4026 mortuo)

264 4058 447 4143 dereliquit,
477 4067 512 4125 ut
532 4061 591 4126 hoc
614 4068 760 4145 coeptum
779 4059 943 4144 perficeret
963 4065 995 4124 et
1017 4064 1191 4124 extremam
1212 4060 1242 4124 ei
1264 4079 1391 4124 manum
1412 4059 1468 4122 im-

309 4305 318 4340 ¹
338 4302 415 4361 Vide
427 4300 504 4360 Guil.
522 4300 642 4359 Gesenii
664 4301 827 4358 Gesobicble
850 4303 904 4356 der
924 4300 1000 4356 hebr.
1013 4261 1141 4370 Sprucbe
1161 4301 1219 4354 aad
1233 4277 1340 4370 Schrisl
1360 4315 1389 4370 p.
1404 4294 1468 4355 110.

268 4395 326 4458 113
346 4403 377 4457 et
398 4400 435 4457 de
451 4398 601 4457 Buxtorfio
621 4397 662 4455 fil.
683 4397 756 4454 ibid.
777 4417 805 4473 p.
818 4395 883 4459 122.

308 4497 427 4558 ‘Geni
450 4497 493 4555 Le
514 4497 598 4594 Long
618 4495 637 4555 l.
655 4495 673 4554 l.
697 4515 717 4571 p
743 4494 782 4555 67
804 4515 846 4574 aq.
976 4535 979 4542 ,
