3738 5720
708 541 989 594 PROLEGOMENA.
1362 542 1453 594 XLIII

249 705 332 768 quae
352 688 656 755 Annotationes
684 693 716 753 et
737 685 956 753 Vindicias
976 686 1205 752 Noldianas
1227 689 1452 772 complectitur,

248 801 447 883 recognovit,
475 808 507 865 et
534 801 625 884 signo
647 804 667 882 †
690 801 865 885 postposito
893 820 1027 865 errorem
1048 801 1176 865 subesse
1197 801 1391 866 monstravit.
1413 837 1452 848 -

251 914 361 980 Noldii
389 921 523 998 quatuor
543 916 709 981 Indices
736 936 799 980 non
824 915 951 998 quidem
979 915 1112 980 mutavit
1138 935 1197 980 nec
1217 915 1393 999 supplevit,
1418 916 1452 980 in

248 1029 381 1094 formam
400 1037 505 1098 tamen
527 1030 768 1096 commodiorem
789 1030 920 1113 redegit.
938 1068 967 1076 -
992 1030 1041 1096 De
1063 1029 1185 1095 duobus
1205 1030 1332 1096 Lexicis
1353 1031 1451 1096 abeo

249 1145 282 1209 in
303 1145 365 1210 fine
384 1145 518 1212 adiectis
539 1166 635 1230 supra
655 1144 731 1211 dixi.

330 1261 496 1344 Specimen
519 1249 612 1326 huius
632 1261 737 1344 operis
758 1280 822 1324 non
842 1259 926 1325 addo
948 1279 1018 1324 eam
1038 1260 1079 1326 ob
1093 1280 1231 1342 causam,
1252 1260 1336 1344 quod
1350 1262 1453 1345 prima

248 1375 413 1458 particula,
435 1396 530 1458 quam
551 1395 646 1459 supra
668 1395 708 1440 ex
722 1374 882 1440 Noldiano
897 1395 991 1458 opere
1006 1375 1170 1458 exscripsi,
1190 1376 1223 1438 in
1239 1375 1298 1440 hac
1313 1372 1451 1442 editione

246 1490 359 1555 iisdem
381 1490 487 1555 verbis
507 1490 629 1573 legitur,
650 1489 773 1555 duabus
793 1495 915 1554 tantum
936 1496 1030 1556 aucta
1044 1490 1301 1558 annotationibus
1321 1511 1342 1553 a
1356 1492 1450 1575 Tym-

247 1605 301 1688 pio
322 1604 403 1670 infra
424 1604 591 1670 adiunctis.

665 1824 694 1885 6.
716 1822 819 1888 Julii
842 1823 1036 1890 Fuerstii.

325 1970 461 2036 Julius
492 1970 636 2035 Fuerst
665 1971 739 2049 (ben
766 1969 871 2035 Jakob
899 1971 953 2052 F,
987 1975 1080 2034 uatus
1107 1991 1135 2033 a.
1162 1971 1234 2032 1805
1254 1970 1284 2034 d.
1309 1973 1354 2034 la.
1374 1971 1450 2035 Maii

245 2085 448 2166 Zerlxowiae,
475 2084 699 2168 Philosophiae
720 2085 852 2164 Doctor,
878 2083 1007 2166 linguae
1028 2083 1223 2166 aramaieae,
1250 2084 1451 2166 talmudicae,

245 2198 429 2263 rabbinicae
451 2198 595 2282 publicus
613 2199 645 2261 in
660 2197 833 2263 Academia
846 2197 1006 2281 Lipsiensi
1027 2196 1131 2261 adhuc
1145 2197 1308 2280 Magister)
1323 2202 1331 2240 ¹
1356 2199 1451 2281 longo

245 2313 396 2394 temporis
425 2313 528 2396 spatio
553 2312 717 2377 interiecto
744 2333 845 2377 novas
866 2311 994 2378 tandem
1012 2299 1264 2408 'concordantias
1284 2311 1451 2377 hebraicas

246 2437 279 2494 et
306 2430 488 2494 chaldaicas
513 2429 662 2494 librorum
683 2429 807 2493 Veteris
828 2428 1022 2492 Testamenti
1052 2427 1161 2492 edidit.
1203 2428 1339 2492 Auctore
1361 2433 1451 2510 teste,

247 2545 307 2609 hoc
336 2565 416 2627 opus
442 2550 543 2609 ortum
570 2553 618 2609 est
644 2544 805 2608 voluntate
833 2563 871 2608 ae
898 2542 1097 2626 susceptione
1126 2543 1263 2609 Caroli
1291 2543 1449 2608 Tauch-

247 2658 361 2740 nitii,
383 2658 446 2741 qui,
475 2663 509 2722 ut
529 2663 596 2722 erat
616 2658 666 2722 vir
686 2657 791 2721 animo
809 2659 911 2722 celsus
926 2676 965 2722 ac
981 2655 1150 2722 sedulitate
1164 2657 1259 2741 plane
1272 2657 1450 2740 singularis,

247 2794 317 2839 cum
350 2763 522 2838 extremam
551 2773 637 2837 vitae
670 2777 792 2856 partem
819 2771 852 2835 in
882 2771 1029 2854 operibus
1056 2772 1231 2855 grandibus
1258 2793 1296 2838 ac
1321 2773 1451 2838 minime

246 2888 428 2971 vulgaribus
450 2887 642 2970 peragendis
661 2905 843 2951 consumere
865 2885 976 2966 vellet,
997 2886 1298 2953 Concordantiarum
1317 2889 1449 2953 Buxtor-

247 3002 399 3066 fianarum
421 3001 525 3067 denuo
543 3000 734 3066 edendarum
756 3000 922 3064 consilium
945 3000 1030 3082 cepit
1050 3007 1081 3065 et
1101 3001 1308 3080 Fuerstio,
1327 3003 1394 3069 viro
1408 3003 1450 3066 ad

247 3118 311 3182 tale
331 3135 410 3200 opus
430 3115 611 3200 aptissimo,
632 3134 715 3178 anno
739 3115 815 3176 1834
839 3113 922 3180 hune
942 3113 1082 3178 laborem
1103 3113 1280 3199 delegavit,
1302 3117 1357 3200 qui
1378 3137 1449 3182 eum

248 3251 310 3296 non
338 3231 438 3296 solum
467 3230 582 3296 aeriter
609 3229 744 3313 incepit,
777 3229 834 3295 sed
861 3229 956 3293 etiam
977 3229 1095 3311 optime
1116 3230 1158 3294 ad
1176 3230 1270 3295 finem
1291 3231 1449 3315 perduxit,

247 3346 351 3410 subita
372 3345 442 3410 Car.
464 3343 647 3409 Tauchnitii
665 3350 762 3408 morte
781 3344 846 3424 (die
864 3346 909 3406 14.
922 3344 1047 3407 Ianuar.
1069 3345 1157 3424 1836)
1179 3364 1240 3408 non
1262 3344 1449 3429 impeditae,

164 3507 168 3514 .
246 3480 320 3524 nam
352 3459 435 3541 quod
461 3464 552 3543 pater
578 3458 711 3523 tidenter
737 3447 971 3540 liberaliterque
1002 3457 1222 3541 inchoaverat,
1257 3459 1318 3524 hoe
1345 3459 1450 3543 ipsum

227 3573 337 3654 tilius,
359 3574 439 3639 Car.
463 3573 607 3639 Christ.
629 3572 918 3654 Tauchnitius,
947 3578 1137 3655 constanter,
1158 3578 1282 3641 strenue
1306 3572 1450 3638 artificio-

247 3708 343 3771 seque
369 3687 514 3753 absolvit.
556 3687 662 3751 Prima
691 3687 783 3752 huius
810 3687 883 3751 libri
906 3686 1003 3752 sectio
1025 3687 1144 3772 prodiit
1161 3709 1189 3752 a.
1216 3690 1308 3772 1837,
1340 3688 1452 3761 ultima

247 3804 345 3883 (XII.)
366 3822 395 3866 a.
415 3803 489 3864 1840
510 3801 611 3866 lomna
631 3802 832 3884 quaternaria
853 3802 1021 3886 imperiali,
1043 3824 1125 3885 quae
1139 3804 1254 3869 dicitur
1267 3805 1332 3886 (vel
1346 3805 1451 3887 potius

246 3917 337 3998 Fal).
378 3917 504 3981 Finitus
529 3922 578 3981 est
604 3916 701 4000 igitur
720 3916 774 3980 illo
793 3936 894 3997 anno,
926 3917 1085 3999 quo'artis
1106 3918 1356 4004 typographicae
1378 3924 1452 3982 ante

245 4029 382 4114 quatuor
404 4030 511 4096 secula
532 4031 680 4097 inventae
700 4031 852 4097 solemnia
873 4032 1232 4123 celebrabantur,·cuius
1245 4032 1341 4098 decus
1356 4039 1451 4115 atque

245 4151 461 4210 ornamentum
481 4145 548 4210 erit.
1059 4127 1062 4133 ¹

290 4374 297 4406 ¹
320 4371 513 4430 Librossuos
527 4363 608 4431 'satis
629 4373 754 4446 multos,
775 4393 847 4452 quos
869 4374 939 4432 inde
957 4376 993 4432 ab
1016 4395 1034 4433 a
1057 4372 1133 4435 1835
1155 4373 1273 4450 scripsit
1293 4372 1451 4450 ediditque,

243 4468 308 4544 ipsc
328 4469 479 4528 recensuit
498 4470 529 4527 in
553 4490 607 4528 sua
629 4470 813 4530 Bibliotheca
835 4471 953 4530 iudaice
970 4473 1003 4534 Τ.
1015 4473 1038 4530 Ι.
1052 4491 1080 4546 p.
1094 4468 1154 4532 306
1167 4491 1209 4548 sq.
