<?xml version="1.0" encoding="UTF-8"?>
<!DOCTYPE html PUBLIC "-//W3C//DTD XHTML 1.0 Transitional//EN"
    "http://www.w3.org/TR/xhtml1/DTD/xhtml1-transitional.dtd">
<html xmlns="http://www.w3.org/1999/xhtml" xml:lang="en" lang="en">
 <head>
  <title>
</title>
<meta http-equiv="Content-Type" content="text/html;charset=utf-8" />
  <meta name='ocr-system' content='tesseract 3.04.00' />
  <meta name='ocr-capabilities' content='ocr_page ocr_carea ocr_par ocr_line ocrx_word'/>
</head>
<body>
  <div class='ocr_page' id='page_1' title='image "./concordantiarum00bindgoog_0094.png"; bbox 0 0 3728 5726; ppageno 0'>
   <div class='ocr_carea' id='block_1_1' title="bbox 689 530 1436 584">
    <p class='ocr_par' dir='ltr' id='par_1_1' title="bbox 689 530 1436 584">
     <span class='ocr_line' id='line_1_1' title="bbox 689 530 1436 584; baseline -0.003 0"><span class='ocrx_word' id='word_1_1' title='bbox 689 531 969 584; x_wconf 81' lang='lat' dir='ltr'><strong>PROLEGOMENA.</strong></span> <span class='ocrx_word' id='word_1_2' title='bbox 1323 530 1436 582; x_wconf 87' lang='lat' dir='ltr'>LXXIX</span> 
     </span>
    </p>
   </div>
   <div class='ocr_carea' id='block_1_2' title="bbox 227 677 1442 4185">
    <p class='ocr_par' dir='ltr' id='par_1_2' title="bbox 228 677 1442 3046">
     <span class='ocr_line' id='line_1_2' title="bbox 311 677 1442 761; baseline -0.008 -15"><span class='ocrx_word' id='word_1_3' title='bbox 311 678 561 746; x_wconf 84' lang='lat' dir='ltr'>Corrcordautiae</span> <span class='ocrx_word' id='word_1_4' title='bbox 575 677 628 742; x_wconf 88' lang='lat' dir='ltr'>fol.</span> <span class='ocrx_word' id='word_1_5' title='bbox 642 680 671 742; x_wconf 93' lang='lat' dir='ltr'><strong>A</strong></span> <span class='ocrx_word' id='word_1_6' title='bbox 694 683 722 740; x_wconf 71' lang='lat'>1²</span> <span class='ocrx_word' id='word_1_7' title='bbox 745 679 908 744; x_wconf 90' lang='lat' dir='ltr'>ordiuntur</span> <span class='ocrx_word' id='word_1_8' title='bbox 922 679 964 744; x_wconf 89' lang='lat' dir='ltr'>ab</span> <span class='ocrx_word' id='word_1_9' title='bbox 978 678 1198 761; x_wconf 79' lang='lat' dir='ltr'>inscriptione:</span> <span class='ocrx_word' id='word_1_10' title='bbox 1225 677 1442 738; x_wconf 85' lang='lat' dir='ltr'><em>TAMEION</em></span> 
     </span>
     <span class='ocr_line' id='line_1_3' title="bbox 232 792 1437 875; baseline -0.002 -17"><span class='ocrx_word' id='word_1_11' title='bbox 232 794 369 859; x_wconf 91' lang='lat' dir='ltr'>omnium</span> <span class='ocrx_word' id='word_1_12' title='bbox 397 813 509 858; x_wconf 92' lang='lat' dir='ltr'>vocum</span> <span class='ocrx_word' id='word_1_13' title='bbox 528 795 532 875; x_wconf 80' lang='lat' dir='ltr'>l</span> <span class='ocrx_word' id='word_1_14' title='bbox 550 794 635 858; x_wconf 86' lang='lat' dir='ltr'>Novi</span> <span class='ocrx_word' id='word_1_15' title='bbox 662 794 858 858; x_wconf 81' lang='lat' dir='ltr'>Testamenti</span> <span class='ocrx_word' id='word_1_16' title='bbox 894 793 1078 872; x_wconf 66' lang='grc'>(1111001.-</span> <span class='ocrx_word' id='word_1_17' title='bbox 1119 792 1270 874; x_wconf 82' lang='lat' dir='ltr'>Singulae</span> <span class='ocrx_word' id='word_1_18' title='bbox 1299 793 1437 875; x_wconf 81' lang='lat' dir='ltr'>paginae</span> 
     </span>
     <span class='ocr_line' id='line_1_4' title="bbox 231 904 1436 990; baseline -0.005 -17"><span class='ocrx_word' id='word_1_19' title='bbox 231 907 341 973; x_wconf 90' lang='lat' dir='ltr'>eodem</span> <span class='ocrx_word' id='word_1_20' title='bbox 361 907 455 972; x_wconf 91' lang='lat' dir='ltr'>modo</span> <span class='ocrx_word' id='word_1_21' title='bbox 482 927 521 971; x_wconf 93' lang='lat' dir='ltr'>ac</span> <span class='ocrx_word' id='word_1_22' title='bbox 548 908 581 970; x_wconf 92' lang='lat' dir='ltr'>in</span> <span class='ocrx_word' id='word_1_23' title='bbox 603 907 756 990; x_wconf 81' lang='lat' dir='ltr'>Stephani</span> <span class='ocrx_word' id='word_1_24' title='bbox 779 927 873 990; x_wconf 90' lang='lat' dir='ltr'>opere</span> <span class='ocrx_word' id='word_1_25' title='bbox 898 908 931 970; x_wconf 92' lang='lat' dir='ltr'>in</span> <span class='ocrx_word' id='word_1_26' title='bbox 952 912 1015 970; x_wconf 90' lang='lat' dir='ltr'>tres</span> <span class='ocrx_word' id='word_1_27' title='bbox 1037 906 1197 970; x_wconf 89' lang='lat' dir='ltr'>columnas</span> <span class='ocrx_word' id='word_1_28' title='bbox 1219 906 1367 987; x_wconf 85' lang='lat' dir='ltr'>aequales</span> <span class='ocrx_word' id='word_1_29' title='bbox 1390 904 1436 968; x_wconf 92' lang='lat' dir='ltr'>di-</span> 
     </span>
     <span class='ocr_line' id='line_1_5' title="bbox 230 1020 1436 1104; baseline -0.002 -18"><span class='ocrx_word' id='word_1_30' title='bbox 230 1023 318 1087; x_wconf 84' lang='lat' dir='ltr'>visae</span> <span class='ocrx_word' id='word_1_31' title='bbox 335 1028 416 1103; x_wconf 91' lang='lat' dir='ltr'>sunt,</span> <span class='ocrx_word' id='word_1_32' title='bbox 440 1042 570 1104; x_wconf 90' lang='lat' dir='ltr'>quarum</span> <span class='ocrx_word' id='word_1_33' title='bbox 590 1041 733 1103; x_wconf 91' lang='lat' dir='ltr'>quaeque</span> <span class='ocrx_word' id='word_1_34' title='bbox 755 1021 861 1100; x_wconf 81' lang='lat' dir='ltr'>(sicuti</span> <span class='ocrx_word' id='word_1_35' title='bbox 883 1021 915 1084; x_wconf 93' lang='lat' dir='ltr'>in</span> <span class='ocrx_word' id='word_1_36' title='bbox 937 1020 1004 1100; x_wconf 83' lang='lat' dir='ltr'>illo)</span> <span class='ocrx_word' id='word_1_37' title='bbox 1026 1021 1059 1085; x_wconf 92' lang='lat' dir='ltr'>in</span> <span class='ocrx_word' id='word_1_38' title='bbox 1088 1020 1168 1085; x_wconf 88' lang='lat' dir='ltr'>duas</span> <span class='ocrx_word' id='word_1_39' title='bbox 1188 1020 1353 1085; x_wconf 87' lang='lat' dir='ltr'>subdivisa</span> <span class='ocrx_word' id='word_1_40' title='bbox 1373 1025 1436 1084; x_wconf 90' lang='lat' dir='ltr'>est:</span> 
     </span>
     <span class='ocr_line' id='line_1_6' title="bbox 230 1134 1436 1218; baseline -0.001 -19"><span class='ocrx_word' id='word_1_41' title='bbox 230 1155 324 1200; x_wconf 90' lang='lat' dir='ltr'>unam</span> <span class='ocrx_word' id='word_1_42' title='bbox 345 1140 513 1218; x_wconf 84' lang='lat' dir='ltr'>angustam</span> <span class='ocrx_word' id='word_1_43' title='bbox 534 1154 555 1198; x_wconf 87' lang='lat' dir='ltr'>a</span> <span class='ocrx_word' id='word_1_44' title='bbox 576 1135 714 1216; x_wconf 88' lang='lat' dir='ltr'>sinistra,</span> <span class='ocrx_word' id='word_1_45' title='bbox 734 1135 766 1197; x_wconf 93' lang='grc'>11</span> <span class='ocrx_word' id='word_1_46' title='bbox 789 1154 853 1216; x_wconf 93' lang='lat' dir='ltr'>qua</span> <span class='ocrx_word' id='word_1_47' title='bbox 873 1134 1053 1199; x_wconf 89' lang='lat' dir='ltr'>indicantur</span> <span class='ocrx_word' id='word_1_48' title='bbox 1069 1135 1208 1218; x_wconf 91' lang='lat' dir='ltr'>capitum</span> <span class='ocrx_word' id='word_1_49' title='bbox 1229 1153 1436 1216; x_wconf 85' lang='lat' dir='ltr'>versuumque</span> 
     </span>
     <span class='ocr_line' id='line_1_7' title="bbox 230 1248 1437 1330; baseline -0.002 -17"><span class='ocrx_word' id='word_1_50' title='bbox 230 1249 350 1313; x_wconf 88' lang='grc'>11011011</span> <span class='ocrx_word' id='word_1_51' title='bbox 378 1248 526 1313; x_wconf 91' lang='lat' dir='ltr'>librorum</span> <span class='ocrx_word' id='word_1_52' title='bbox 555 1248 755 1328; x_wconf 88' lang='lat' dir='ltr'>biblioorum,</span> <span class='ocrx_word' id='word_1_53' title='bbox 790 1267 830 1312; x_wconf 86' lang='lat' dir='ltr'>ex</span> <span class='ocrx_word' id='word_1_54' title='bbox 858 1248 972 1330; x_wconf 89' lang='lat' dir='ltr'>quibus</span> <span class='ocrx_word' id='word_1_55' title='bbox 1007 1248 1066 1313; x_wconf 91' lang='lat' dir='ltr'>loci</span> <span class='ocrx_word' id='word_1_56' title='bbox 1094 1249 1279 1330; x_wconf 77' lang='lat' dir='ltr'>afferuntur3</span> <span class='ocrx_word' id='word_1_57' title='bbox 1305 1248 1437 1312; x_wconf 89' lang='lat' dir='ltr'>alteram</span> 
     </span>
     <span class='ocr_line' id='line_1_8' title="bbox 231 1361 1436 1445; baseline -0.002 -18"><span class='ocrx_word' id='word_1_58' title='bbox 231 1363 328 1427; x_wconf 92' lang='lat' dir='ltr'>multo</span> <span class='ocrx_word' id='word_1_59' title='bbox 350 1363 493 1427; x_wconf 90' lang='lat' dir='ltr'>latiorem</span> <span class='ocrx_word' id='word_1_60' title='bbox 525 1383 545 1426; x_wconf 93' lang='lat' dir='ltr'>a</span> <span class='ocrx_word' id='word_1_61' title='bbox 567 1362 696 1444; x_wconf 84' lang='lat' dir='ltr'>dextra,</span> <span class='ocrx_word' id='word_1_62' title='bbox 725 1363 758 1426; x_wconf 95' lang='lat' dir='ltr'>in</span> <span class='ocrx_word' id='word_1_63' title='bbox 786 1382 850 1444; x_wconf 93' lang='lat' dir='ltr'>qua</span> <span class='ocrx_word' id='word_1_64' title='bbox 875 1363 1020 1445; x_wconf 84' lang='lat' dir='ltr'>leguntur</span> <span class='ocrx_word' id='word_1_65' title='bbox 1046 1381 1139 1428; x_wconf 89' lang='lat' dir='ltr'>voces</span> <span class='ocrx_word' id='word_1_66' title='bbox 1167 1381 1301 1444; x_wconf 83' lang='lat' dir='ltr'>graecae</span> <span class='ocrx_word' id='word_1_67' title='bbox 1324 1367 1356 1425; x_wconf 93' lang='lat' dir='ltr'>et</span> <span class='ocrx_word' id='word_1_68' title='bbox 1375 1361 1436 1426; x_wconf 89' lang='lat' dir='ltr'>loci</span> 
     </span>
     <span class='ocr_line' id='line_1_9' title="bbox 232 1461 1436 1560; baseline -0.002 -19"><span class='ocrx_word' id='word_1_69' title='bbox 232 1477 355 1559; x_wconf 79' lang='lat' dir='ltr'>biblici,</span> <span class='ocrx_word' id='word_1_70' title='bbox 388 1477 421 1540; x_wconf 89' lang='lat' dir='ltr'>in</span> <span class='ocrx_word' id='word_1_71' title='bbox 445 1476 559 1558; x_wconf 85' lang='lat' dir='ltr'>quibus</span> <span class='ocrx_word' id='word_1_72' title='bbox 580 1476 791 1560; x_wconf 88' lang='lat' dir='ltr'>reperiuntur,</span> <span class='ocrx_word' id='word_1_73' title='bbox 812 1495 908 1559; x_wconf 88' lang='lat' dir='ltr'>supra</span> <span class='ocrx_word' id='word_1_74' title='bbox 931 1476 1093 1559; x_wconf 88' lang='lat' dir='ltr'>inscriptis</span> <span class='ocrx_word' id='word_1_75' title='bbox 1112 1475 1201 1541; x_wconf 88' lang='lat' dir='ltr'>libris</span> <span class='ocrx_word' id='word_1_76' title='bbox 1225 1461 1367 1557; x_wconf 90' lang='lat' dir='ltr'>biblicis,</span> <span class='ocrx_word' id='word_1_77' title='bbox 1396 1496 1436 1540; x_wconf 90' lang='grc'>011</span> 
     </span>
     <span class='ocr_line' id='line_1_10' title="bbox 230 1589 1435 1674; baseline 0 -19"><span class='ocrx_word' id='word_1_78' title='bbox 230 1591 343 1672; x_wconf 89' lang='lat' dir='ltr'>quibus</span> <span class='ocrx_word' id='word_1_79' title='bbox 361 1592 501 1674; x_wconf 84' lang='lat' dir='ltr'>excerpti</span> <span class='ocrx_word' id='word_1_80' title='bbox 522 1597 603 1654; x_wconf 87' lang='lat' dir='ltr'>sunt.</span> <span class='ocrx_word' id='word_1_81' title='bbox 645 1589 795 1672; x_wconf 81' lang='lat' dir='ltr'>Quaeque</span> <span class='ocrx_word' id='word_1_82' title='bbox 817 1591 927 1654; x_wconf 92' lang='lat' dir='ltr'>harum</span> <span class='ocrx_word' id='word_1_83' title='bbox 949 1590 1093 1655; x_wconf 91' lang='lat' dir='ltr'>latiorum</span> <span class='ocrx_word' id='word_1_84' title='bbox 1114 1592 1328 1656; x_wconf 87' lang='lat' dir='ltr'>columnarum</span> <span class='ocrx_word' id='word_1_85' title='bbox 1350 1590 1435 1655; x_wconf 91' lang='lat' dir='ltr'>binis</span> 
     </span>
     <span class='ocr_line' id='line_1_11' title="bbox 230 1704 1435 1788; baseline 0.001 -20"><span class='ocrx_word' id='word_1_86' title='bbox 230 1705 275 1785; x_wconf 90' lang='lat' dir='ltr'>(in</span> <span class='ocrx_word' id='word_1_87' title='bbox 303 1705 457 1788; x_wconf 87' lang='lat' dir='ltr'>Stephani</span> <span class='ocrx_word' id='word_1_88' title='bbox 482 1725 577 1788; x_wconf 92' lang='lat' dir='ltr'>opere</span> <span class='ocrx_word' id='word_1_89' title='bbox 605 1704 698 1769; x_wconf 92' lang='lat' dir='ltr'>modo</span> <span class='ocrx_word' id='word_1_90' title='bbox 726 1705 826 1786; x_wconf 87' lang='lat' dir='ltr'>binis,</span> <span class='ocrx_word' id='word_1_91' title='bbox 853 1704 946 1769; x_wconf 93' lang='lat' dir='ltr'>modo</span> <span class='ocrx_word' id='word_1_92' title='bbox 975 1705 1084 1785; x_wconf 89' lang='lat' dir='ltr'>ternis)</span> <span class='ocrx_word' id='word_1_93' title='bbox 1116 1705 1229 1771; x_wconf 89' lang='lat' dir='ltr'>litteris</span> <span class='ocrx_word' id='word_1_94' title='bbox 1259 1706 1435 1770; x_wconf 87' lang='lat' dir='ltr'>initialibus</span> 
     </span>
     <span class='ocr_line' id='line_1_12' title="bbox 228 1818 1434 1902; baseline 0 -19"><span class='ocrx_word' id='word_1_95' title='bbox 228 1839 341 1884; x_wconf 89' lang='lat' dir='ltr'>vocum</span> <span class='ocrx_word' id='word_1_96' title='bbox 361 1838 545 1902; x_wconf 86' lang='lat' dir='ltr'>graecarum</span> <span class='ocrx_word' id='word_1_97' title='bbox 568 1819 602 1881; x_wconf 88' lang='lat' dir='ltr'>iu</span> <span class='ocrx_word' id='word_1_98' title='bbox 625 1837 663 1882; x_wconf 92' lang='lat' dir='ltr'>ea</span> <span class='ocrx_word' id='word_1_99' title='bbox 683 1818 848 1882; x_wconf 89' lang='lat' dir='ltr'>allatarum</span> <span class='ocrx_word' id='word_1_100' title='bbox 868 1818 1151 1901; x_wconf 70' lang='grc'>1110111101.-</span> <span class='ocrx_word' id='word_1_101' title='bbox 1171 1819 1272 1884; x_wconf 86' lang='lat' dir='ltr'>Voces</span> <span class='ocrx_word' id='word_1_102' title='bbox 1291 1838 1434 1902; x_wconf 83' lang='lat' dir='ltr'>graecae,</span> 
     </span>
     <span class='ocr_line' id='line_1_13' title="bbox 228 1933 1434 2016; baseline 0.002 -20"><span class='ocrx_word' id='word_1_103' title='bbox 228 1952 309 2015; x_wconf 91' lang='lat' dir='ltr'>quae</span> <span class='ocrx_word' id='word_1_104' title='bbox 329 1934 502 1998; x_wconf 88' lang='lat' dir='ltr'>thematum</span> <span class='ocrx_word' id='word_1_105' title='bbox 527 1952 582 1996; x_wconf 87' lang='lat' dir='ltr'>seu</span> <span class='ocrx_word' id='word_1_106' title='bbox 609 1933 767 1996; x_wconf 90' lang='lat' dir='ltr'>titulorum</span> <span class='ocrx_word' id='word_1_107' title='bbox 792 1933 892 1996; x_wconf 89' lang='lat' dir='ltr'>instar</span> <span class='ocrx_word' id='word_1_108' title='bbox 921 1933 953 1995; x_wconf 93' lang='grc'>11</span> <span class='ocrx_word' id='word_1_109' title='bbox 981 1933 1031 1997; x_wconf 90' lang='lat' dir='ltr'>his</span> <span class='ocrx_word' id='word_1_110' title='bbox 1060 1934 1212 1998; x_wconf 91' lang='lat' dir='ltr'>columnis</span> <span class='ocrx_word' id='word_1_111' title='bbox 1235 1934 1434 2016; x_wconf 75' lang='lat' dir='ltr'>alphabetico</span> 
     </span>
     <span class='ocr_line' id='line_1_14' title="bbox 228 2047 1434 2131; baseline 0 -19"><span class='ocrx_word' id='word_1_112' title='bbox 228 2067 285 2112; x_wconf 90' lang='lat' dir='ltr'>suo</span> <span class='ocrx_word' id='word_1_113' title='bbox 306 2047 416 2112; x_wconf 91' lang='lat' dir='ltr'>ordine</span> <span class='ocrx_word' id='word_1_114' title='bbox 439 2053 661 2131; x_wconf 89' lang='lat' dir='ltr'>proponuntur,</span> <span class='ocrx_word' id='word_1_115' title='bbox 681 2047 708 2110; x_wconf 92' lang='lat' dir='ltr'>si</span> <span class='ocrx_word' id='word_1_116' title='bbox 722 2047 861 2111; x_wconf 92' lang='lat' dir='ltr'>Nomina</span> <span class='ocrx_word' id='word_1_117' title='bbox 881 2049 1010 2130; x_wconf 89' lang='lat' dir='ltr'>propria</span> <span class='ocrx_word' id='word_1_118' title='bbox 1021 2054 1101 2128; x_wconf 91' lang='lat' dir='ltr'>sunt,</span> <span class='ocrx_word' id='word_1_119' title='bbox 1123 2049 1237 2113; x_wconf 91' lang='lat' dir='ltr'>litteris</span> <span class='ocrx_word' id='word_1_120' title='bbox 1257 2049 1434 2114; x_wconf 86' lang='lat' dir='ltr'>uncialibus</span> 
     </span>
     <span class='ocr_line' id='line_1_15' title="bbox 229 2158 1437 2244; baseline -0.002 -19"><span class='ocrx_word' id='word_1_121' title='bbox 229 2160 696 2244; x_wconf 73' lang='lat' dir='ltr'>(f01.A12—Q5¹›min0ribus,</span> <span class='ocrx_word' id='word_1_122' title='bbox 716 2160 822 2225; x_wconf 86' lang='lat' dir='ltr'>iudea</span> <span class='ocrx_word' id='word_1_123' title='bbox 841 2161 892 2226; x_wconf 84' lang='grc'>101.</span> <span class='ocrx_word' id='word_1_124' title='bbox 906 2160 991 2242; x_wconf 63' lang='lat' dir='ltr'>er,</span> <span class='ocrx_word' id='word_1_125' title='bbox 1012 2182 1033 2226; x_wconf 93' lang='lat' dir='ltr'>a</span> <span class='ocrx_word' id='word_1_126' title='bbox 1048 2163 1174 2227; x_wconf 89' lang='lat' dir='ltr'>nomine</span> <span class='ocrx_word' id='word_1_127' title='bbox 1185 2158 1437 2224; x_wconf 75' lang='grc' dir='ltr'><em>ἘΛΙΣᾸΒΕΤ</em></span> 
     </span>
     <span class='ocr_line' id='line_1_16' title="bbox 229 2274 1434 2360; baseline 0.003 -22"><span class='ocrx_word' id='word_1_128' title='bbox 229 2275 424 2357; x_wconf 87' lang='lat' dir='ltr'>maioribus),</span> <span class='ocrx_word' id='word_1_129' title='bbox 445 2280 568 2340; x_wconf 88' lang='lat' dir='ltr'>ceterae</span> <span class='ocrx_word' id='word_1_130' title='bbox 590 2294 684 2339; x_wconf 87' lang='lat' dir='ltr'>voces</span> <span class='ocrx_word' id='word_1_131' title='bbox 711 2295 819 2339; x_wconf 90' lang='lat' dir='ltr'>omnes</span> <span class='ocrx_word' id='word_1_132' title='bbox 839 2274 1010 2340; x_wconf 92' lang='lat' dir='ltr'>maioribus</span> <span class='ocrx_word' id='word_1_133' title='bbox 1039 2277 1126 2360; x_wconf 85' lang='lat' dir='ltr'>typis</span> <span class='ocrx_word' id='word_1_134' title='bbox 1154 2297 1174 2340; x_wconf 93' lang='lat' dir='ltr'>a</span> <span class='ocrx_word' id='word_1_135' title='bbox 1205 2277 1282 2341; x_wconf 89' lang='lat' dir='ltr'>locis</span> <span class='ocrx_word' id='word_1_136' title='bbox 1308 2277 1434 2342; x_wconf 89' lang='lat' dir='ltr'>biblicis</span> 
     </span>
     <span class='ocr_line' id='line_1_17' title="bbox 231 2389 1433 2475; baseline 0.002 -22"><span class='ocrx_word' id='word_1_137' title='bbox 231 2389 399 2455; x_wconf 88' lang='lat' dir='ltr'>distinctae</span> <span class='ocrx_word' id='word_1_138' title='bbox 426 2395 514 2470; x_wconf 79' lang='lat' dir='ltr'>sunt3</span> <span class='ocrx_word' id='word_1_139' title='bbox 549 2395 714 2472; x_wconf 90' lang='lat' dir='ltr'>praeterea</span> <span class='ocrx_word' id='word_1_140' title='bbox 742 2389 782 2452; x_wconf 92' lang='lat' dir='ltr'>iis</span> <span class='ocrx_word' id='word_1_141' title='bbox 812 2389 919 2470; x_wconf 89' lang='lat' dir='ltr'>(etiam</span> <span class='ocrx_word' id='word_1_142' title='bbox 945 2390 1134 2456; x_wconf 90' lang='lat' dir='ltr'>Nominibus</span> <span class='ocrx_word' id='word_1_143' title='bbox 1168 2391 1317 2474; x_wconf 84' lang='lat' dir='ltr'>propriis)</span> <span class='ocrx_word' id='word_1_144' title='bbox 1344 2411 1433 2475; x_wconf 91' lang='lat' dir='ltr'>prae-</span> 
     </span>
     <span class='ocr_line' id='line_1_18' title="bbox 230 2502 1433 2586; baseline 0.002 -20"><span class='ocrx_word' id='word_1_145' title='bbox 230 2502 386 2567; x_wconf 84' lang='grc'>1111111011</span> <span class='ocrx_word' id='word_1_146' title='bbox 399 2503 523 2586; x_wconf 85' lang='lat' dir='ltr'>signum</span> <span class='ocrx_word' id='word_1_147' title='bbox 537 2522 633 2586; x_wconf 87' lang='lat' dir='ltr'>supra</span> <span class='ocrx_word' id='word_1_148' title='bbox 654 2505 822 2586; x_wconf 86' lang='lat' dir='ltr'>(p.va1.)</span> <span class='ocrx_word' id='word_1_149' title='bbox 839 2503 882 2567; x_wconf 90' lang='lat' dir='ltr'>ad</span> <span class='ocrx_word' id='word_1_150' title='bbox 899 2503 1034 2568; x_wconf 92' lang='lat' dir='ltr'>Betuleii</span> <span class='ocrx_word' id='word_1_151' title='bbox 1054 2504 1301 2570; x_wconf 82' lang='lat' dir='ltr'>Concordantias</span> <span class='ocrx_word' id='word_1_152' title='bbox 1318 2504 1433 2569; x_wconf 84' lang='lat' dir='ltr'>descri-</span> 
     </span>
     <span class='ocr_line' id='line_1_19' title="bbox 229 2617 1433 2700; baseline 0.002 -19"><span class='ocrx_word' id='word_1_153' title='bbox 229 2623 326 2700; x_wconf 91' lang='lat' dir='ltr'>ptum,</span> <span class='ocrx_word' id='word_1_154' title='bbox 343 2618 389 2680; x_wconf 90' lang='lat' dir='ltr'>ita</span> <span class='ocrx_word' id='word_1_155' title='bbox 408 2623 442 2682; x_wconf 90' lang='lat' dir='ltr'>ut</span> <span class='ocrx_word' id='word_1_156' title='bbox 458 2617 524 2681; x_wconf 90' lang='lat' dir='ltr'>fere</span> <span class='ocrx_word' id='word_1_157' title='bbox 537 2637 679 2700; x_wconf 86' lang='lat' dir='ltr'>quaeque</span> <span class='ocrx_word' id='word_1_158' title='bbox 693 2637 756 2681; x_wconf 82' lang='lat' dir='ltr'>vox</span> <span class='ocrx_word' id='word_1_159' title='bbox 770 2618 951 2700; x_wconf 90' lang='lat' dir='ltr'>quaerenda</span> <span class='ocrx_word' id='word_1_160' title='bbox 963 2617 1056 2683; x_wconf 89' lang='lat' dir='ltr'>facile</span> <span class='ocrx_word' id='word_1_161' title='bbox 1077 2619 1265 2683; x_wconf 89' lang='lat' dir='ltr'>inveniatur.</span> <span class='ocrx_word' id='word_1_162' title='bbox 1286 2655 1320 2664; x_wconf 82' lang='lat'>—-</span> <span class='ocrx_word' id='word_1_163' title='bbox 1346 2620 1433 2684; x_wconf 87' lang='lat' dir='ltr'>Libri</span> 
     </span>
     <span class='ocr_line' id='line_1_20' title="bbox 229 2731 1433 2816; baseline 0.001 -19"><span class='ocrx_word' id='word_1_164' title='bbox 229 2732 338 2797; x_wconf 91' lang='lat' dir='ltr'>biblici</span> <span class='ocrx_word' id='word_1_165' title='bbox 358 2732 411 2796; x_wconf 93' lang='lat' dir='ltr'>hic</span> <span class='ocrx_word' id='word_1_166' title='bbox 431 2732 542 2797; x_wconf 91' lang='lat' dir='ltr'>eodem</span> <span class='ocrx_word' id='word_1_167' title='bbox 560 2733 652 2796; x_wconf 92' lang='lat' dir='ltr'>modo</span> <span class='ocrx_word' id='word_1_168' title='bbox 672 2753 710 2797; x_wconf 93' lang='lat' dir='ltr'>ac</span> <span class='ocrx_word' id='word_1_169' title='bbox 732 2733 765 2796; x_wconf 93' lang='grc'>11</span> <span class='ocrx_word' id='word_1_170' title='bbox 786 2731 939 2815; x_wconf 87' lang='lat' dir='ltr'>Stephani</span> <span class='ocrx_word' id='word_1_171' title='bbox 962 2752 1055 2816; x_wconf 89' lang='lat' dir='ltr'>opere</span> <span class='ocrx_word' id='word_1_172' title='bbox 1077 2752 1174 2816; x_wconf 87' lang='lat' dir='ltr'>supra</span> <span class='ocrx_word' id='word_1_173' title='bbox 1193 2734 1278 2798; x_wconf 91' lang='lat' dir='ltr'>locos</span> <span class='ocrx_word' id='word_1_174' title='bbox 1299 2733 1433 2799; x_wconf 90' lang='lat' dir='ltr'>biblicos</span> 
     </span>
     <span class='ocr_line' id='line_1_21' title="bbox 230 2846 1434 2929; baseline 0.002 -20"><span class='ocrx_word' id='word_1_175' title='bbox 230 2846 263 2909; x_wconf 88' lang='lat' dir='ltr'>iu</span> <span class='ocrx_word' id='word_1_176' title='bbox 281 2846 385 2910; x_wconf 91' lang='lat' dir='ltr'>medio</span> <span class='ocrx_word' id='word_1_177' title='bbox 406 2846 509 2911; x_wconf 91' lang='lat' dir='ltr'>lineae</span> <span class='ocrx_word' id='word_1_178' title='bbox 529 2846 717 2910; x_wconf 89' lang='lat' dir='ltr'>indicantur.</span> <span class='ocrx_word' id='word_1_179' title='bbox 729 2884 768 2892; x_wconf 88' lang='lat'><em>-</em></span> <span class='ocrx_word' id='word_1_180' title='bbox 792 2847 908 2910; x_wconf 88' lang='lat' dir='ltr'>Latina</span> <span class='ocrx_word' id='word_1_181' title='bbox 919 2847 1146 2929; x_wconf 85' lang='lat' dir='ltr'>interpretatio,</span> <span class='ocrx_word' id='word_1_182' title='bbox 1161 2866 1256 2928; x_wconf 95' lang='lat' dir='ltr'>quam</span> <span class='ocrx_word' id='word_1_183' title='bbox 1273 2846 1434 2913; x_wconf 90' lang='lat' dir='ltr'>Betuleius</span> 
     </span>
     <span class='ocr_line' id='line_1_22' title="bbox 230 2961 1392 3046; baseline -0.001 -20"><span class='ocrx_word' id='word_1_184' title='bbox 230 2968 261 3026; x_wconf 96' lang='grc'>01</span> <span class='ocrx_word' id='word_1_185' title='bbox 282 2962 461 3045; x_wconf 90' lang='lat' dir='ltr'>Stephanus</span> <span class='ocrx_word' id='word_1_186' title='bbox 481 2962 587 3027; x_wconf 87' lang='lat' dir='ltr'>verbis</span> <span class='ocrx_word' id='word_1_187' title='bbox 608 2963 733 3045; x_wconf 81' lang='lat' dir='ltr'>graecis</span> <span class='ocrx_word' id='word_1_188' title='bbox 754 2967 976 3046; x_wconf 90' lang='lat' dir='ltr'>apposuerunt,</span> <span class='ocrx_word' id='word_1_189' title='bbox 995 2962 1028 3026; x_wconf 90' lang='lat' dir='ltr'>in</span> <span class='ocrx_word' id='word_1_190' title='bbox 1050 2962 1099 3026; x_wconf 90' lang='lat' dir='ltr'>his</span> <span class='ocrx_word' id='word_1_191' title='bbox 1123 2982 1185 3025; x_wconf 89' lang='grc'>101</span> <span class='ocrx_word' id='word_1_192' title='bbox 1206 2961 1317 3026; x_wconf 89' lang='lat' dir='ltr'>addita</span> <span class='ocrx_word' id='word_1_193' title='bbox 1336 2967 1392 3025; x_wconf 93' lang='lat' dir='ltr'>est.</span> 
     </span>
    </p>

    <p class='ocr_par' dir='ltr' id='par_1_3' title="bbox 227 3075 1434 3500">
     <span class='ocr_line' id='line_1_23' title="bbox 309 3075 1433 3159; baseline -0.002 -19"><span class='ocrx_word' id='word_1_194' title='bbox 309 3077 486 3158; x_wconf 86' lang='lat' dir='ltr'>Permagna</span> <span class='ocrx_word' id='word_1_195' title='bbox 506 3095 582 3141; x_wconf 90' lang='lat' dir='ltr'>sane</span> <span class='ocrx_word' id='word_1_196' title='bbox 603 3075 757 3141; x_wconf 91' lang='lat' dir='ltr'>Schmidii</span> <span class='ocrx_word' id='word_1_197' title='bbox 778 3095 874 3159; x_wconf 88' lang='lat' dir='ltr'>opera</span> <span class='ocrx_word' id='word_1_198' title='bbox 894 3075 953 3139; x_wconf 91' lang='lat' dir='ltr'>t&#39;uit</span> <span class='ocrx_word' id='word_1_199' title='bbox 971 3075 1004 3138; x_wconf 94' lang='lat' dir='ltr'>in</span> <span class='ocrx_word' id='word_1_200' title='bbox 1025 3075 1084 3138; x_wconf 95' lang='lat' dir='ltr'>hoc</span> <span class='ocrx_word' id='word_1_201' title='bbox 1103 3075 1182 3139; x_wconf 92' lang='lat' dir='ltr'>libro</span> <span class='ocrx_word' id='word_1_202' title='bbox 1198 3075 1433 3156; x_wconf 90' lang='lat' dir='ltr'>conscribendo,</span> 
     </span>
     <span class='ocr_line' id='line_1_24' title="bbox 229 3189 1434 3272; baseline 0 -20"><span class='ocrx_word' id='word_1_203' title='bbox 229 3190 342 3254; x_wconf 90' lang='lat' dir='ltr'>multos</span> <span class='ocrx_word' id='word_1_204' title='bbox 358 3209 477 3254; x_wconf 89' lang='lat' dir='ltr'>errores</span> <span class='ocrx_word' id='word_1_205' title='bbox 495 3189 643 3255; x_wconf 91' lang='lat' dir='ltr'>editionis</span> <span class='ocrx_word' id='word_1_206' title='bbox 665 3189 902 3272; x_wconf 89' lang='lat' dir='ltr'>Stephanianae</span> <span class='ocrx_word' id='word_1_207' title='bbox 924 3189 1071 3271; x_wconf 89' lang='lat' dir='ltr'>removit,</span> <span class='ocrx_word' id='word_1_208' title='bbox 1100 3189 1198 3253; x_wconf 91' lang='lat' dir='ltr'>multa</span> <span class='ocrx_word' id='word_1_209' title='bbox 1225 3189 1296 3254; x_wconf 88' lang='lat' dir='ltr'>istic</span> <span class='ocrx_word' id='word_1_210' title='bbox 1316 3190 1434 3254; x_wconf 89' lang='lat' dir='ltr'>omissa</span> 
     </span>
     <span class='ocr_line' id='line_1_25' title="bbox 228 3301 1433 3386; baseline -0.002 -19"><span class='ocrx_word' id='word_1_211' title='bbox 228 3303 366 3386; x_wconf 78' lang='lat' dir='ltr'>addidit,</span> <span class='ocrx_word' id='word_1_212' title='bbox 387 3303 589 3368; x_wconf 89' lang='lat' dir='ltr'>nihilominus</span> <span class='ocrx_word' id='word_1_213' title='bbox 603 3304 672 3386; x_wconf 90' lang='lat' dir='ltr'>ipse</span> <span class='ocrx_word' id='word_1_214' title='bbox 686 3303 799 3367; x_wconf 88' lang='lat' dir='ltr'>multos</span> <span class='ocrx_word' id='word_1_215' title='bbox 815 3303 900 3367; x_wconf 93' lang='lat' dir='ltr'>locos</span> <span class='ocrx_word' id='word_1_216' title='bbox 914 3302 1035 3384; x_wconf 74' lang='lat' dir='ltr'>omisit,</span> <span class='ocrx_word' id='word_1_217' title='bbox 1050 3306 1056 3342; x_wconf 89' lang='lat'><strong>¹</strong></span> <span class='ocrx_word' id='word_1_218' title='bbox 1077 3301 1142 3364; x_wconf 91' lang='lat' dir='ltr'>alia</span> <span class='ocrx_word' id='word_1_219' title='bbox 1156 3321 1279 3384; x_wconf 91' lang='lat' dir='ltr'>quoque</span> <span class='ocrx_word' id='word_1_220' title='bbox 1292 3303 1371 3366; x_wconf 91' lang='lat' dir='ltr'>vitia</span> <span class='ocrx_word' id='word_1_221' title='bbox 1383 3309 1433 3366; x_wconf 88' lang='lat' dir='ltr'>sat</span> 
     </span>
     <span class='ocr_line' id='line_1_26' title="bbox 227 3414 1414 3500; baseline -0.002 -20"><span class='ocrx_word' id='word_1_222' title='bbox 227 3418 327 3481; x_wconf 90' lang='lat' dir='ltr'>multa</span> <span class='ocrx_word' id='word_1_223' title='bbox 340 3418 532 3500; x_wconf 89' lang='lat' dir='ltr'>irrepsemnt</span> <span class='ocrx_word' id='word_1_224' title='bbox 547 3437 583 3481; x_wconf 91' lang='lat' dir='ltr'>eo</span> <span class='ocrx_word' id='word_1_225' title='bbox 597 3417 705 3500; x_wconf 92' lang='lat' dir='ltr'>procul</span> <span class='ocrx_word' id='word_1_226' title='bbox 719 3415 825 3497; x_wconf 92' lang='lat' dir='ltr'>dubio,</span> <span class='ocrx_word' id='word_1_227' title='bbox 847 3415 931 3498; x_wconf 93' lang='lat' dir='ltr'>quod</span> <span class='ocrx_word' id='word_1_228' title='bbox 945 3416 1013 3498; x_wconf 86' lang='lat' dir='ltr'>ipse</span> <span class='ocrx_word' id='word_1_229' title='bbox 1025 3415 1129 3497; x_wconf 89' lang='lat' dir='ltr'>operis</span> <span class='ocrx_word' id='word_1_230' title='bbox 1143 3414 1236 3479; x_wconf 91' lang='lat' dir='ltr'>finem</span> <span class='ocrx_word' id='word_1_231' title='bbox 1250 3435 1311 3478; x_wconf 92' lang='lat' dir='ltr'>non</span> <span class='ocrx_word' id='word_1_232' title='bbox 1324 3414 1414 3479; x_wconf 83' lang='lat' dir='ltr'>vidit.</span> 
     </span>
    </p>

    <p class='ocr_par' dir='ltr' id='par_1_4' title="bbox 229 3528 1431 3729">
     <span class='ocr_line' id='line_1_27' title="bbox 308 3528 1431 3612; baseline -0.002 -17"><span class='ocrx_word' id='word_1_233' title='bbox 308 3532 399 3612; x_wconf 86' lang='lat' dir='ltr'>Loci,</span> <span class='ocrx_word' id='word_1_234' title='bbox 426 3531 480 3612; x_wconf 92' lang='lat' dir='ltr'>qui</span> <span class='ocrx_word' id='word_1_235' title='bbox 508 3531 627 3595; x_wconf 89' lang='lat' dir='ltr'>eisdem</span> <span class='ocrx_word' id='word_1_236' title='bbox 655 3531 761 3596; x_wconf 87' lang='lat' dir='ltr'>verbis</span> <span class='ocrx_word' id='word_1_237' title='bbox 788 3537 836 3594; x_wconf 93' lang='lat' dir='ltr'>ter</span> <span class='ocrx_word' id='word_1_238' title='bbox 863 3530 915 3594; x_wconf 91' lang='lat' dir='ltr'>vel</span> <span class='ocrx_word' id='word_1_239' title='bbox 936 3535 1045 3611; x_wconf 88' lang='lat' dir='ltr'>quater</span> <span class='ocrx_word' id='word_1_240' title='bbox 1066 3528 1116 3592; x_wconf 89' lang='lat' dir='ltr'>vel</span> <span class='ocrx_word' id='word_1_241' title='bbox 1137 3529 1254 3611; x_wconf 91' lang='lat' dir='ltr'>pluries</span> <span class='ocrx_word' id='word_1_242' title='bbox 1279 3529 1312 3592; x_wconf 90' lang='lat' dir='ltr'>in</span> <span class='ocrx_word' id='word_1_243' title='bbox 1332 3530 1373 3594; x_wconf 91' lang='lat' dir='ltr'>N.</span> <span class='ocrx_word' id='word_1_244' title='bbox 1394 3530 1431 3593; x_wconf 84' lang='lat' dir='ltr'>T.</span> 
     </span>
     <span class='ocr_line' id='line_1_28' title="bbox 229 3645 1033 3729; baseline -0.002 -21"><span class='ocrx_word' id='word_1_245' title='bbox 229 3645 383 3729; x_wconf 84' lang='lat' dir='ltr'>leguntur,</span> <span class='ocrx_word' id='word_1_246' title='bbox 405 3665 426 3708; x_wconf 90' lang='lat' dir='ltr'>a</span> <span class='ocrx_word' id='word_1_247' title='bbox 447 3645 608 3710; x_wconf 92' lang='lat' dir='ltr'>Schmidio</span> <span class='ocrx_word' id='word_1_248' title='bbox 631 3645 815 3729; x_wconf 89' lang='lat' dir='ltr'>simpliciter</span> <span class='ocrx_word' id='word_1_249' title='bbox 836 3645 936 3709; x_wconf 89' lang='lat' dir='ltr'>notati</span> <span class='ocrx_word' id='word_1_250' title='bbox 953 3650 1033 3708; x_wconf 90' lang='grc'>1111.</span> 
     </span>
    </p>

    <p class='ocr_par' dir='ltr' id='par_1_5' title="bbox 228 3757 1432 4185">
     <span class='ocr_line' id='line_1_29' title="bbox 308 3757 1430 3844; baseline -0.004 -21"><span class='ocrx_word' id='word_1_251' title='bbox 308 3760 497 3824; x_wconf 89' lang='grc' dir='ltr'>Ρ101011111</span> <span class='ocrx_word' id='word_1_252' title='bbox 519 3766 549 3824; x_wconf 91' lang='grc'>01</span> <span class='ocrx_word' id='word_1_253' title='bbox 570 3761 743 3844; x_wconf 87' lang='lat' dir='ltr'>particulae</span> <span class='ocrx_word' id='word_1_254' title='bbox 764 3761 805 3826; x_wconf 89' lang='lat' dir='ltr'>ab</span> <span class='ocrx_word' id='word_1_255' title='bbox 824 3781 861 3824; x_wconf 94' lang='lat' dir='ltr'>eo</span> <span class='ocrx_word' id='word_1_256' title='bbox 881 3760 997 3843; x_wconf 87' lang='lat' dir='ltr'>partim</span> <span class='ocrx_word' id='word_1_257' title='bbox 1011 3777 1137 3843; x_wconf 90' lang='lat' dir='ltr'>prorsus</span> <span class='ocrx_word' id='word_1_258' title='bbox 1151 3759 1286 3823; x_wconf 91' lang='lat' dir='ltr'>omissae</span> <span class='ocrx_word' id='word_1_259' title='bbox 1297 3764 1331 3822; x_wconf 92' lang='lat' dir='ltr'>ut</span> <span class='ocrx_word' id='word_1_260' title='bbox 1352 3757 1379 3834; x_wconf 86' lang='grc' dir='ltr'>ὁ,</span> <span class='ocrx_word' id='word_1_261' title='bbox 1402 3757 1430 3840; x_wconf 76' lang='grc' dir='ltr'>ἡ,</span> 
     </span>
     <span class='ocr_line' id='line_1_30' title="bbox 228 3867 1432 3958; baseline 0.002 -23"><span class='ocrx_word' id='word_1_262' title='bbox 228 3870 273 3950; x_wconf 80' lang='grc' dir='ltr'>τό,</span> <span class='ocrx_word' id='word_1_263' title='bbox 298 3867 341 3950; x_wconf 81' lang='grc' dir='ltr'>ὅς,</span> <span class='ocrx_word' id='word_1_264' title='bbox 364 3869 391 3954; x_wconf 75' lang='grc' dir='ltr'>ἦ,</span> <span class='ocrx_word' id='word_1_265' title='bbox 414 3867 440 3949; x_wconf 83' lang='grc' dir='ltr'>ὅ,</span> <span class='ocrx_word' id='word_1_266' title='bbox 462 3873 502 3950; x_wconf 76' lang='grc' dir='ltr'>δέ,</span> <span class='ocrx_word' id='word_1_267' title='bbox 524 3875 581 3950; x_wconf 83' lang='grc' dir='ltr'><strong><em>καί,</em></strong></span> <span class='ocrx_word' id='word_1_268' title='bbox 605 3875 719 3958; x_wconf 85' lang='lat' dir='ltr'>partim</span> <span class='ocrx_word' id='word_1_269' title='bbox 741 3894 803 3938; x_wconf 92' lang='grc'>101</span> <span class='ocrx_word' id='word_1_270' title='bbox 825 3875 904 3958; x_wconf 89' lang='lat' dir='ltr'>ipsis</span> <span class='ocrx_word' id='word_1_271' title='bbox 926 3874 1031 3938; x_wconf 89' lang='lat' dir='ltr'>verbis</span> <span class='ocrx_word' id='word_1_272' title='bbox 1044 3874 1159 3953; x_wconf 90' lang='lat' dir='ltr'>allatis,</span> <span class='ocrx_word' id='word_1_273' title='bbox 1180 3873 1237 3938; x_wconf 90' lang='lat' dir='ltr'>sed</span> <span class='ocrx_word' id='word_1_274' title='bbox 1257 3875 1335 3940; x_wconf 93' lang='lat' dir='ltr'>locis</span> <span class='ocrx_word' id='word_1_275' title='bbox 1357 3875 1432 3939; x_wconf 89' lang='lat' dir='ltr'>solis</span> 
     </span>
     <span class='ocr_line' id='line_1_31' title="bbox 228 3983 1431 4073; baseline 0 -21"><span class='ocrx_word' id='word_1_276' title='bbox 228 3990 334 4053; x_wconf 89' lang='lat' dir='ltr'>citatis</span> <span class='ocrx_word' id='word_1_277' title='bbox 352 3999 497 4073; x_wconf 88' lang='lat' dir='ltr'>receptae</span> <span class='ocrx_word' id='word_1_278' title='bbox 518 3995 604 4070; x_wconf 89' lang='lat' dir='ltr'>sunt,</span> <span class='ocrx_word' id='word_1_279' title='bbox 634 3995 668 4052; x_wconf 93' lang='lat' dir='ltr'>ut</span> <span class='ocrx_word' id='word_1_280' title='bbox 689 3984 796 4063; x_wconf 77' lang='grc' dir='ltr'><em>αὐτός,</em></span> <span class='ocrx_word' id='word_1_281' title='bbox 820 3983 911 4063; x_wconf 78' lang='grc' dir='ltr'><strong><em>ἀλλά,</em></strong></span> <span class='ocrx_word' id='word_1_282' title='bbox 932 3984 1005 4070; x_wconf 66' lang='grc' dir='ltr'>γάρ,</span> <span class='ocrx_word' id='word_1_283' title='bbox 1031 3984 1127 4068; x_wconf 77' lang='grc' dir='ltr'><em>ἁμήν,</em></span> <span class='ocrx_word' id='word_1_284' title='bbox 1151 3989 1205 4054; x_wconf 92' lang='lat' dir='ltr'>ubi</span> <span class='ocrx_word' id='word_1_285' title='bbox 1226 3989 1285 4054; x_wconf 93' lang='lat' dir='ltr'>hoc</span> <span class='ocrx_word' id='word_1_286' title='bbox 1307 3989 1339 4052; x_wconf 92' lang='lat' dir='ltr'>in</span> <span class='ocrx_word' id='word_1_287' title='bbox 1363 4009 1431 4054; x_wconf 92' lang='lat' dir='ltr'>sen-</span> 
     </span>
     <span class='ocr_line' id='line_1_32' title="bbox 228 4103 601 4185; baseline 0 -19"><span class='ocrx_word' id='word_1_288' title='bbox 228 4104 346 4168; x_wconf 89' lang='lat' dir='ltr'>tentiae</span> <span class='ocrx_word' id='word_1_289' title='bbox 367 4103 458 4167; x_wconf 90' lang='lat' dir='ltr'>initio</span> <span class='ocrx_word' id='word_1_290' title='bbox 478 4103 601 4185; x_wconf 84' lang='lat' dir='ltr'>legitur.</span> 
     </span>
    </p>
   </div>
   <div class='ocr_carea' id='block_1_3' title="bbox 225 4276 1432 4551">
    <p class='ocr_par' dir='ltr' id='par_1_6' title="bbox 225 4276 1432 4551">
     <span class='ocr_line' id='line_1_33' title="bbox 271 4276 1432 4352; baseline 0.002 -19"><span class='ocrx_word' id='word_1_291' title='bbox 271 4281 278 4312; x_wconf 88' lang='lat'><strong>¹</strong></span> <span class='ocrx_word' id='word_1_292' title='bbox 302 4277 452 4334; x_wconf 85' lang='lat' dir='ltr'>Bruderns</span> <span class='ocrx_word' id='word_1_293' title='bbox 475 4277 506 4333; x_wconf 91' lang='lat' dir='ltr'>in</span> <span class='ocrx_word' id='word_1_294' title='bbox 528 4276 714 4351; x_wconf 83' lang='lat' dir='ltr'>praefatione</span> <span class='ocrx_word' id='word_1_295' title='bbox 736 4277 832 4352; x_wconf 86' lang='lat' dir='ltr'>operis</span> <span class='ocrx_word' id='word_1_296' title='bbox 854 4279 900 4334; x_wconf 87' lang='lat' dir='ltr'>sni</span> <span class='ocrx_word' id='word_1_297' title='bbox 922 4278 1002 4336; x_wconf 87' lang='lat' dir='ltr'>illico</span> <span class='ocrx_word' id='word_1_298' title='bbox 1022 4277 1194 4336; x_wconf 82' lang='lat' dir='ltr'>recensendi</span> <span class='ocrx_word' id='word_1_299' title='bbox 1215 4298 1242 4352; x_wconf 84' lang='lat' dir='ltr'>p.</span> <span class='ocrx_word' id='word_1_300' title='bbox 1255 4277 1305 4334; x_wconf 89' lang='lat' dir='ltr'>Vl.</span> <span class='ocrx_word' id='word_1_301' title='bbox 1325 4297 1432 4335; x_wconf 91' lang='lat' dir='ltr'>memo-</span> 
     </span>
     <span class='ocr_line' id='line_1_34' title="bbox 226 4374 1430 4451; baseline 0 -19"><span class='ocrx_word' id='word_1_302' title='bbox 226 4379 286 4446; x_wconf 86' lang='lat' dir='ltr'>rat,</span> <span class='ocrx_word' id='word_1_303' title='bbox 317 4394 349 4432; x_wconf 90' lang='lat' dir='ltr'>se</span> <span class='ocrx_word' id='word_1_304' title='bbox 376 4379 493 4449; x_wconf 87' lang='lat' dir='ltr'>praeter</span> <span class='ocrx_word' id='word_1_305' title='bbox 519 4375 577 4432; x_wconf 88' lang='lat' dir='ltr'>alia</span> <span class='ocrx_word' id='word_1_306' title='bbox 602 4374 675 4433; x_wconf 86' lang='lat' dir='ltr'>vitia</span> <span class='ocrx_word' id='word_1_307' title='bbox 706 4376 742 4430; x_wconf 92' lang='lat' dir='ltr'>ab</span> <span class='ocrx_word' id='word_1_308' title='bbox 770 4375 835 4450; x_wconf 86' lang='lat' dir='ltr'>ipso</span> <span class='ocrx_word' id='word_1_309' title='bbox 864 4377 1018 4433; x_wconf 86' lang='lat' dir='ltr'>emendata</span> <span class='ocrx_word' id='word_1_310' title='bbox 1040 4375 1107 4450; x_wconf 89' lang='lat' dir='ltr'>plus</span> <span class='ocrx_word' id='word_1_311' title='bbox 1137 4393 1224 4451; x_wconf 89' lang='lat' dir='ltr'>quam</span> <span class='ocrx_word' id='word_1_312' title='bbox 1249 4375 1430 4448; x_wconf 83' lang='lat' dir='ltr'>octingentos</span> 
     </span>
     <span class='ocr_line' id='line_1_35' title="bbox 225 4474 1244 4551; baseline -0.002 -17"><span class='ocrx_word' id='word_1_313' title='bbox 225 4479 327 4536; x_wconf 86' lang='lat' dir='ltr'>textus</span> <span class='ocrx_word' id='word_1_314' title='bbox 348 4476 460 4551; x_wconf 89' lang='lat' dir='ltr'>recepti</span> <span class='ocrx_word' id='word_1_315' title='bbox 481 4476 560 4534; x_wconf 87' lang='lat' dir='ltr'>locos</span> <span class='ocrx_word' id='word_1_316' title='bbox 582 4475 680 4532; x_wconf 90' lang='lat' dir='ltr'>adhuc</span> <span class='ocrx_word' id='word_1_317' title='bbox 701 4476 882 4534; x_wconf 87' lang='lat' dir='ltr'>desideratos</span> <span class='ocrx_word' id='word_1_318' title='bbox 905 4477 987 4551; x_wconf 86' lang='lat' dir='ltr'>operi</span> <span class='ocrx_word' id='word_1_319' title='bbox 1009 4497 1063 4536; x_wconf 91' lang='lat' dir='ltr'>suo</span> <span class='ocrx_word' id='word_1_320' title='bbox 1086 4474 1244 4534; x_wconf 86' lang='lat' dir='ltr'>addidisse.</span> 
     </span>
    </p>
   </div>
   <div class='ocr_carea' id='block_1_4' title="bbox 0 0 1868 5726">
    <p class='ocr_par' dir='ltr' id='par_1_7' title="bbox 0 0 1868 5726">
     <span class='ocr_line' id='line_1_36' title="bbox 0 0 1868 5726; baseline 0 1"><span class='ocrx_word' id='word_1_321' title='bbox 0 0 1868 5726; x_wconf 95' lang='lat' dir='ltr'> </span> 
     </span>
    </p>
   </div>
  </div>
 </body>
</html>
