3728 5726
883 561 1165 614 PROLEGOMENA.
1207 597 1212 608 .

959 705 1081 792 Ἀαρών

670 820 701 882 ἐκ
718 824 782 884 τῶν
801 821 984 906 θυγατέρων
1004 821 1111 906 ἆαρών
1210 825 1316 891 Lucae
1339 828 1351 887 l

668 932 745 997 ἀλλὰ
766 934 783 998 o‘
806 934 991 1018 καλούμενος
1011 937 1070 1002 ὑπὸ
1093 941 1149 1001 τοῦ
1169 942 1255 1015 θεοῦ,
1279 936 1419 1022 καθάπερ

768 1047 914 1134 ddapolr
1214 1053 1335 1120 Hebb

670 1163 800 1239 ciborum
822 1169 867 1251 τῷ
890 1163 996 1249 ἄαρών
1212 1169 1281 1232 Act.
1305 1171 1323 1230 7

668 1279 716 1340 καὶ
737 1276 773 1341 οὗ
794 1281 873 1341 rard
897 1281 952 1361 τὴν
973 1276 1060 1353 τάξιν
1080 1277 1186 1360 ἅαρών
1208 1279 1349 1361 λέγεσθαι
1390 1280 1469 1346 Heb·
1493 1284 1520 1343 7.
1542 1285 1547 1294 “

670 1567 674 1576 .
794 1515 823 1578 2.
843 1514 1008 1578 Henrici
1036 1513 1243 1598 Stephani.

499 1636 698 1701 Henricus
727 1636 962 1720 Stephanus
991 1635 1086 1715 (tilius
1113 1635 1242 1701 Roberti
1272 1636 1328 1714 St,
1355 1640 1448 1699 natus
1478 1654 1506 1698 a.
1540 1634 1622 1697 1528.

418 1750 558 1831 Parisiis,
579 1749 707 1832 linguae
730 1769 863 1833 graecae
892 1750 1073 1831 latinaeque
1097 1749 1316 1832 peritissimus,
1346 1755 1378 1813 et
1398 1749 1503 1813 multis
1525 1749 1624 1829 libris,

418 1865 603 1949 praesertim
622 1871 783 1928 auctorum
802 1883 984 1947 graecorum
1007 1863 1200 1928 editionibus
1215 1863 1445 1945 celeberrimae,
1467 1869 1623 1947 postremo

418 1981 452 2045 in
480 1999 601 2044 summa
630 1985 816 2064 paupertate
847 1986 986 2043 mortuus
1012 1982 1060 2043 cst
1090 1999 1119 2042 a.
1148 1980 1231 2042 1598.
1261 1979 1384 2056 [aetatis
1409 1998 1492 2042 anno
1513 1978 1622 2056 LXX}
1650 1957 1656 1968 ¹

417 2094 564 2176 Lugduni
582 2094 616 2157 in
637 2093 829 2174 nosocomio)
861 2092 963 2158 edidit
987 2092 1115 2174 quidem
1142 2092 1390 2159 Concordantias
1407 2092 1491 2157 Novi
1513 2093 1623 2157 Testa-

418 2210 515 2274 menti
536 2228 683 2292 graecas,
709 2206 766 2272 sed
791 2208 862 2289 quis
890 2227 997 2272 carum
1018 2213 1127 2272 auctor
1146 2208 1204 2290 sit,
1231 2209 1317 2273 latet.
1352 2207 1510 2273 Praefatio
1529 2207 1623 2286 enim,
1706 2229 1727 2277 ·,

416 2343 513 2406 quam
536 2325 605 2407 ipsc
625 2323 752 2407 scripsit
776 2327 808 2386 et
834 2322 907 2386 huic
935 2322 1022 2405 operi
1044 2321 1198 2407 praefixit,
1225 2323 1258 2386 in
1286 2342 1325 2387 ea
1347 2328 1446 2405 parte,
1477 2341 1558 2404 quae
1580 2321 1622 2385 ad

417 2438 508 2503 huius
529 2438 633 2523 operis
654 2436 808 2520 originem
829 2442 961 2520 spectat,
981 2437 1105 2502 occulta
1125 2443 1181 2502 est.
1224 2438 1268 2502 Ut
1293 2438 1390 2502 lector
1412 2438 1481 2520 ipse
1500 2437 1540 2501 de
1562 2435 1622 2502 hac

417 2571 450 2618 re
477 2552 619 2617 iudicare
646 2533 762 2635 possit,
790 2552 888 2616 verba
915 2552 983 2616 eius
1010 2551 1076 2646 h.·l.
1105 2551 1218 2616 affero:
1253 2552 1317 2634 „Ut
1344 2557 1448 2616 autem
1470 2551 1557 2615 aliud
1581 2571 1622 2615 ex

417 2667 480 2731 alio
504 2667 613 2732 venire
641 2667 687 2731 illi
718 2667 793 2743 [scil.
815 2667 916 2750 ipsius
945 2667 1028 2749 patri
1055 2667 1191 2731 Roberto
1219 2666 1396 2750 Stephane,
1423 2665 1623 2750 typographo

416 2767 603 2859 Parisiensi,
633 2780 707 2845 inde
736 2781 776 2845 ab
793 2777 825 2844 'a
849 2776 934 2843 1547.
976 2781 1172 2864 Genevensi,
1200 2786 1276 2845 nato
1304 2801 1332 2844 a.
1358 2782 1441 2844 1503.
1482 2780 1622 2861 Parisiis,
1665 2771 1691 2787 '⁸

290 2947 295 2958 .
417 2901 537 2961 mortuo
558 2885 586 2961 6.
599 2895 685 2979 Sept.
709 2886 860 2974 1559.]'in
880 2886 1170 2977 mentem‘solebat,
1189 2884 1283 2977 quum
1305 2901 1337 2960 et
1352 2883 1512 2960 hburetico
1532 2914 1621 2978 prae-

415 3008 500 3074 ditus
524 3010 652 3093 ingenio
673 3017 766 3092 esset,
787 3016 819 3074 et
839 3030 957 3093 magna
977 3030 1050 3094 pars
1072 3010 1297 3094 cogitationum
1319 3011 1470 3105 eius'non
1490 3010 1553 3073 alio
1575 3009 1622 3073 in·
1659 3085 1662 3092 Ι

415 3130 504 3190 tenta
533 3124 614 3216 foret
643 3144 737 3208 quam
764 3123 807 3188 ad
827 3124 1071 3207 excogitandum
1098 3124 1277 3210 quidpiam,
1312 3099 1397 3206 quod
1430 3123 1622 3189 sacrosancti

415 3239 584 3304 voluminis
612 3239 781 3304 lectoribus
807 3239 974 3304 utilitatem
1000 3239 1140 3321 afferret,
1165 3239 1465 3304 Concordantiarum
1486 3239 1622 3304 Graeca-

416 3375 493 3437 rum,
514 3355 564 3419 vel
586 3354 690 3438 potius
712 3329 1014 3436 Graecolatinarum,
1035 3374 1122 3438 opus,
1145 3367 1227 3436 quae
1244 3353 1377 3419 editioni
1390 3353 1493 3436 Caput
1513 3373 1620 3417 unum-

416 3469 561 3551 quodque
587 3469 621 3532 in
648 3469 705 3532 illa
723 3469 902 3533 Tmematia
925 3474 1043 3533 sectum
1069 3468 1198 3533 habenti
1221 3463 1454 3552 responderent,
1475 3487 1620 3551 pracver-
1685 3461 1689 3466 ’
1759 3461 1763 3468 ’

414 3584 544 3651 tendum
571 3583 643 3648 aliis
670 3583 815 3648 omnibus
849 3583 1051 3661 existimavit.
1098 3584 1210 3666 Neque
1236 3590 1341 3648 tamen
1369 3583 1519 3667 temporis
1539 3603 1620 3647 com-

414 3698 581 3782 pendium,
607 3697 692 3780 quod
714 3717 783 3763 cum
802 3698 906 3781 operis
928 3697 1013 3762 illius
1035 3697 1203 3781 dispendio
1225 3718 1287 3762 non
1309 3687 1421 3762 minus¹
1434 3717 1528 3781 quam
1550 3717 1620 3762 cum

414 3812 609 3897 parcimonia
641 3811 770 3877 sordida
796 3813 995 3876 coniunctum
1015 3820 1112 3895 esset,
1135 3831 1285 3901 quaerere
1307 3813 1406 3877 voluit
1428 3812 1565 3894 (etiamsi
1586 3813 1620 3876 in
1692 3891 1697 3898 ⁹

413 3926 520 3990 multis
546 3925 581 3991 id
605 3925 752 4010 operibus
780 3925 999 4008 lectitabatur,
1027 3933 1058 3991 et
1082 3926 1177 3992 hodie
1204 3927 1301 3991 multo
1322 3925 1425 4010 magis
1446 3926 1619 4006 factitetur)

415 4039 574 4122 quoddam
588 4059 676 4124 opus,
690 4040 739 4104 cui
754 4045 844 4104 autor
858 4060 971 4104 nomen
986 4012 1287 4106 Concordantiarum
1304 4023 1507 4124 imposuerat,
1525 4041 1619 4106 inter-

415 4155 572 4240 polatum,
604 4162 636 4219 et
656 4154 837 4220 accessione
865 4155 972 4236 aliqua
999 4160 1125 4220 auctum
1151 4154 1290 4220 edendo:
1317 4156 1504 4240 praesertim
1524 4176 1618 4237 quum

413 4289 477 4360 non
497 4270 598 4335 solum
625 4270 722 4334 multo
747 4269 851 4333 minus
879 4270 995 4335 alicubi
1020 4289 1115 4352 quam
1136 4269 1301 4352 dimidiam
1328 4271 1466 4335 locorum
1487 4276 1618 4354 partem,

414 4384 472 4449 sed
491 4385 605 4450 multos
626 4385 722 4450 ctiam
741 4402 859 4449 errores
879 4383 1024 4449 haberet:
1059 4389 1091 4449 et
1111 4384 1238 4468 quidem
1259 4385 1385 4467 aliquos,
1402 4384 1436 4448 in
1459 4385 1618 4450 nonnullis

414 4518 536 4584 quoque
569 4499 735 4565 verbomm
765 4498 973 4564 thematibus:
1011 4499 1114 4581 qualis
1149 4505 1197 4564 est
1230 4500 1284 4565 nbi
1310 4499 1408 4566 verbo
1434 4496 1617 4583 ἠβουλήθην
