3728 5726
676 533 956 586 PROLEGOMENA.
1325 533 1423 584 LXXV

222 680 381 744 analium
400 679 548 762 restringi
569 699 657 744 usum
679 679 817 744 videbat.
849 680 974 762 Verum,
996 685 1029 744 ut
1048 681 1098 746 his
1115 680 1225 763 paucis
1245 679 1285 744 de
1296 678 1422 743 nemine

222 800 385 858 contentus
397 793 471 873 sim,
492 799 525 858 at
543 792 583 858 de
604 813 637 857 re
649 794 721 877 ipsa
735 793 827 877 plura
841 792 961 858 dicam:
984 794 1108 858 initium
1123 794 1276 859 aducbus
1292 813 1422 873 sumam,

222 927 352 989 quorum
381 913 482 972 utrum
503 909 606 992 magis
632 909 739 972 mirari
764 909 882 974 debeas
908 909 1079 974 dubitabis.
1120 910 1225 974 Unum
1249 915 1310 990 cst,
1338 907 1424 990 quod

221 1024 347 1088 Lutetia
368 1023 555 1105 Lugdunum
577 1030 703 1108 petens,
725 1025 822 1107 hanc,
842 1045 906 1108 qua
927 1025 967 1091 de
989 1026 1107 1109 agitur,
1129 1025 1252 1109 Capitis
1273 1024 1423 1104 cuiusque

220 1142 394 1221 catacopen
423 1139 573 1218 confecit,
602 1145 633 1204 et
660 1139 788 1222 quidem
813 1159 963 1222 magnam
989 1141 1071 1222 eius,
1099 1140 1180 1204 inter
1208 1126 1422 1220 equitandum,

221 1258 357 1336 partem:
380 1253 522 1335 alterum,
541 1253 625 1335 qued
642 1253 731 1318 illum
752 1255 846 1338 paule
867 1260 942 1319 ante
959 1254 999 1318 de
1021 1254 1081 1318 hae
1104 1254 1309 1337 cogitantem,
1330 1251 1423 1335 pleri-

220 1384 281 1447 que
300 1385 408 1454 omnes
426 1366 652 1449 incogitantem
674 1387 743 1432 esse
764 1367 905 1432 aiebant:
930 1367 1061 1451 perinde
1083 1387 1121 1433 ac
1142 1367 1224 1432 siin
1245 1385 1422 1451 reprensus

218 1479 323 1543 inutili
349 1479 469 1561 futura,
499 1480 633 1563 ideoque
660 1502 722 1546 nen
748 1487 870 1546 tantum
891 1482 1009 1546 nullam
1030 1481 1156 1546 laudem
1184 1487 1423 1563 consequutura,

221 1592 277 1657 sed
298 1594 331 1657 in
352 1593 489 1659 derisum
510 1595 607 1659 etiam
627 1600 769 1674 ventura,
789 1615 906 1679 ponere
928 1601 1050 1679 tempus
1071 1602 1165 1678 atque
1180 1595 1422 1679 cperamvellet.

217 1707 261 1770 At
281 1727 364 1788 ecce,
387 1713 495 1773 centra
516 1728 622 1775 earum
643 1709 871 1775 damnatricem
891 1711 1026 1775 instituti
1038 1711 1138 1794 patris
1155 1710 1217 1774 mei
1233 1709 1422 1793 opinionem,

219 1821 382 1886 inventum
409 1823 489 1888 illud
515 1823 607 1888 simul
634 1825 668 1887 in
696 1824 811 1906 lucem,
839 1825 931 1890 simul
952 1825 985 1888 in
1005 1825 1144 1890 omnium
1163 1825 1299 1907 gratiam
1319 1825 1421 1888 venit:

218 1935 373 2018 simulque
407 1937 440 2000 in
467 1943 588 2001 tantam
618 1939 834 2020 autoritatem,
868 1945 902 2003 nt
937 1940 1027 2022 quasi
1055 1939 1311 2004 exautcrarentur
1339 1938 1422 2002 aliae
1494 1959 1497 1967 ⁴

219 2033 416 2113 Testamenti
443 2051 517 2114 ncvi
548 2050 616 2115 sive
638 2052 794 2134 Graecae,
818 2053 886 2117 sive
908 2054 1057 2135 Latinae,
1080 2053 1147 2117 sive
1169 2052 1327 2133 Gallicae,
1354 2052 1422 2116 sive

218 2162 439 2244 Germanicae,
459 2163 527 2228 sive
547 2164 581 2227 in
602 2165 668 2230 alia
686 2167 858 2231 vernacula
878 2167 989 2250 lingua
1012 2167 1183 2248 editioneS,
1211 2185 1292 2247 quae
1313 2166 1420 2242 inven-

219 2281 285 2339 tum
306 2275 339 2339 id
360 2283 512 2358 sequutae
530 2299 593 2342 nnn
611 2281 744 2345 essent.“

295 2391 420 2473 Restat,
462 2399 496 2456 nt
530 2392 622 2458 huius
659 2397 764 2478 operis
801 2397 926 2461 initium
965 2403 1116 2478 tanquam
1155 2397 1223 2460 eius
1261 2394 1421 2478 specimen

217 2504 355 2568 afferam.

801 2591 836 2651 A

766 2706 865 2790 Apcc.

490 2815 515 2872 l.
558 2812 576 2872 8
618 2805 694 2891 Ἐγώ
716 2808 775 2887 εἶμι
793 2806 951 2868 τόΑκαὶ
973 2806 1008 2867 τὸ
1033 2804 1064 2865 Ω

477 2915 514 2972 1.
540 2915 570 2972 li
617 2906 762 2990 λεγούσης
784 2902 841 2989 ἐγώ
864 2909 922 2985 α’μι
942 2907 976 2968 uri
1000 2909 1035 2968 A
1055 2908 1159 2968 καὶτὰ
1183 2906 1215 2968 Ω

467 3015 514 3074 21.
557 3015 576 3074 6
618 3007 1044 3092 ἒγώείμιτόΑκαὶτὸΩ

467 3115 574 3176 2213
616 3108 809 3193 ἓγώείμιτὸ
832 3112 867 3172 Α
888 3110 992 3170 καὶτὸ
1016 3108 1046 3170 Ω

619 3259 819 3324 ἈΑΡΩΝ.
861 3260 1018 3325 Arnon.

778 3378 852 3441 Luc.

492 3501 514 3557 1.
557 3500 575 3558 5
617 3497 647 3556 ἐκ
664 3499 727 3558 τῶν
746 3494 927 3577 θυγατέρων
943 3493 1064 3573 Ἀαρών

780 3612 849 3674 Act.

487 3716 513 3775 7.
536 3717 575 3776 40
616 3710 746 3784 εἰπόντες
766 3714 810 3796 τῷ
832 3708 947 3793 αἀρών,
972 3712 1100 3793 ποίησον

771 3827 866 3892 Hebr.

486 3935 512 3990 5.
556 3935 574 3993 4
615 3927 754 4010 καθάπερ
777 3929 825 3990 καὶ
846 3926 864 3990 ὁ
885 3926 992 4011 dcccciv

486 4036 513 4093 7.
538 4036 571 4094 11
616 4029 653 4093 οὐ
670 4031 747 4092 κατὰ
770 4030 827 4111 τὴν
848 4027 934 4103 τάξιν
954 4027 1060 4112 dcccciv

486 4135 513 4194 9.
555 4135 573 4194 4
613 4132 662 4193 καὶ
683 4130 702 4213 ἡ
721 4127 838 4212 ῥάβδος
858 4127 966 4212 dapum
985 4129 1004 4212 ἦ
1022 4128 1227 4212 βλαστήσασα

295 4246 388 4309 Annc
421 4248 496 4308 1600
524 4246 582 4310 hcc
604 4267 683 4330 opus
704 4266 774 4310 cum
795 4244 1013 4327 supplemento
1036 4265 1177 4310 recusum
1199 4251 1247 4310 est
1268 4245 1418 4312 Genevae

214 4358 299 4441 typis
320 4358 410 4422 Pauli
434 4358 604 4442 Stephani,
626 4360 702 4440 uel,
724 4357 809 4440 qued
829 4357 931 4424 denuc
956 4362 1040 4423 1624.
1059 4359 1178 4424 ibidem
1201 4357 1319 4441 prodiit
1339 4359 1417 4441 Fal,

213 4471 259 4538 sic
281 4472 481 4555 inscriptum:
560 4550 563 4558 ‚
