<?xml version="1.0" encoding="UTF-8"?>
<!DOCTYPE html PUBLIC "-//W3C//DTD XHTML 1.0 Transitional//EN"
    "http://www.w3.org/TR/xhtml1/DTD/xhtml1-transitional.dtd">
<html xmlns="http://www.w3.org/1999/xhtml" xml:lang="en" lang="en">
 <head>
  <title>
</title>
<meta http-equiv="Content-Type" content="text/html;charset=utf-8" />
  <meta name='ocr-system' content='tesseract 3.04.00' />
  <meta name='ocr-capabilities' content='ocr_page ocr_carea ocr_par ocr_line ocrx_word'/>
</head>
<body>
  <div class='ocr_page' id='page_1' title='image "./concordantiarum00bindgoog_0024.png"; bbox 0 0 3738 5720; ppageno 0'>
   <div class='ocr_carea' id='block_1_1' title="bbox 694 541 1474 628">
    <p class='ocr_par' dir='ltr' id='par_1_1' title="bbox 694 541 1474 628">
     <span class='ocr_line' id='line_1_1' title="bbox 694 541 1474 628; baseline 0 -24"><span class='ocrx_word' id='word_1_1' title='bbox 694 551 976 622; x_wconf 77' lang='lat' dir='ltr'>Pnonusonnun.</span> <span class='ocrx_word' id='word_1_2' title='bbox 1117 551 1121 570; x_wconf 64' lang='lat'><strong><em>³</em></strong></span> <span class='ocrx_word' id='word_1_3' title='bbox 1409 541 1474 628; x_wconf 67' lang='lat' dir='ltr'>ut</span> 
     </span>
    </p>
   </div>
   <div class='ocr_carea' id='block_1_2' title="bbox 181 695 1491 3286">
    <p class='ocr_par' dir='ltr' id='par_1_2' title="bbox 197 695 1491 2242">
     <span class='ocr_line' id='line_1_2' title="bbox 245 695 1446 783; baseline 0 -22"><span class='ocrx_word' id='word_1_4' title='bbox 245 698 430 762; x_wconf 88' lang='lat' dir='ltr'>Parisiensis</span> <span class='ocrx_word' id='word_1_5' title='bbox 453 699 486 763; x_wconf 95' lang='lat' dir='ltr'>in</span> <span class='ocrx_word' id='word_1_6' title='bbox 508 699 577 763; x_wconf 92' lang='lat' dir='ltr'>dies</span> <span class='ocrx_word' id='word_1_7' title='bbox 598 698 830 783; x_wconf 77' lang='lat' dir='ltr'>experirentur,</span> <span class='ocrx_word' id='word_1_8' title='bbox 849 695 927 762; x_wconf 91' lang='lat' dir='ltr'>illud</span> <span class='ocrx_word' id='word_1_9' title='bbox 947 703 1055 762; x_wconf 88' lang='lat' dir='ltr'>tamen&#39;</span> <span class='ocrx_word' id='word_1_10' title='bbox 1072 696 1231 763; x_wconf 87' lang='lat' dir='ltr'>videretur</span> <span class='ocrx_word' id='word_1_11' title='bbox 1246 697 1446 778; x_wconf 90' lang='lat' dir='ltr'>inoommodi,</span> 
     </span>
     <span class='ocr_line' id='line_1_3' title="bbox 206 810 1444 903; baseline 0.001 -28"><span class='ocrx_word' id='word_1_12' title='bbox 206 811 208 816; x_wconf 73' lang='lat'>&#39;</span> <span class='ocrx_word' id='word_1_13' title='bbox 244 812 327 893; x_wconf 91' lang='lat' dir='ltr'>quod</span> <span class='ocrx_word' id='word_1_14' title='bbox 349 832 473 897; x_wconf 88' lang='lat' dir='ltr'>semper</span> <span class='ocrx_word' id='word_1_15' title='bbox 493 812 679 879; x_wconf 89' lang='lat' dir='ltr'>evolvenda</span> <span class='ocrx_word' id='word_1_16' title='bbox 691 819 773 878; x_wconf 90' lang='lat' dir='ltr'>esset</span> <span class='ocrx_word' id='word_1_17' title='bbox 785 812 948 896; x_wconf 85' lang='lat' dir='ltr'>Scriptura</span> <span class='ocrx_word' id='word_1_18' title='bbox 969 831 1069 891; x_wconf 89' lang='lat' dir='ltr'>saera,</span> <span class='ocrx_word' id='word_1_19' title='bbox 1089 818 1123 876; x_wconf 94' lang='lat' dir='ltr'>ut</span> <span class='ocrx_word' id='word_1_20' title='bbox 1144 810 1297 903; x_wconf 81' lang='lat' dir='ltr'>quidhoc</span> <span class='ocrx_word' id='word_1_21' title='bbox 1316 811 1367 876; x_wconf 88' lang='lat' dir='ltr'>vel</span> <span class='ocrx_word' id='word_1_22' title='bbox 1386 812 1444 876; x_wconf 82' lang='lat' dir='ltr'>‘illo</span> 
     </span>
     <span class='ocr_line' id='line_1_4' title="bbox 240 901 1442 1020; baseline 0.001 -31"><span class='ocrx_word' id='word_1_23' title='bbox 240 925 310 990; x_wconf 84' lang='lat' dir='ltr'>-looo</span> <span class='ocrx_word' id='word_1_24' title='bbox 331 926 481 1010; x_wconf 86' lang='lat' dir='ltr'>seriptum</span> <span class='ocrx_word' id='word_1_25' title='bbox 494 933 583 992; x_wconf 51' lang='lat' dir='ltr'>‘esset</span> <span class='ocrx_word' id='word_1_26' title='bbox 604 932 821 1020; x_wconf 83' lang='lat' dir='ltr'>agnosoerent,</span> <span class='ocrx_word' id='word_1_27' title='bbox 845 901 1035 1009; x_wconf 80' lang='lat' dir='ltr'>quibusdam</span> <span class='ocrx_word' id='word_1_28' title='bbox 1053 925 1156 989; x_wconf 91' lang='lat' dir='ltr'>visum</span> <span class='ocrx_word' id='word_1_29' title='bbox 1167 931 1215 989; x_wconf 76' lang='lat' dir='ltr'>est</span> <span class='ocrx_word' id='word_1_30' title='bbox 1228 925 1322 1007; x_wconf 91' lang='lat' dir='ltr'>longe</span> <span class='ocrx_word' id='word_1_31' title='bbox 1334 926 1442 990; x_wconf 93' lang='lat' dir='ltr'>utilius</span> 
     </span>
     <span class='ocr_line' id='line_1_5' title="bbox 212 1039 1446 1136; baseline -0.004 -28"><span class='ocrx_word' id='word_1_32' title='bbox 212 1097 217 1108; x_wconf 92' lang='lat'><strong><em>.</em></strong></span> <span class='ocrx_word' id='word_1_33' title='bbox 244 1039 324 1135; x_wconf 82' lang='lat' dir='ltr'>lore,</span> <span class='ocrx_word' id='word_1_34' title='bbox 353 1040 380 1104; x_wconf 91' lang='lat' dir='ltr'>si</span> <span class='ocrx_word' id='word_1_35' title='bbox 409 1040 451 1104; x_wconf 92' lang='lat' dir='ltr'>ad</span> <span class='ocrx_word' id='word_1_36' title='bbox 472 1060 625 1124; x_wconf 82' lang='lat' dir='ltr'>quemque</span> <span class='ocrx_word' id='word_1_37' title='bbox 655 1041 757 1105; x_wconf 91' lang='lat' dir='ltr'>looum</span> <span class='ocrx_word' id='word_1_38' title='bbox 777 1040 952 1105; x_wconf 91' lang='lat' dir='ltr'>indioatum</span> <span class='ocrx_word' id='word_1_39' title='bbox 967 1039 1120 1136; x_wconf 24' lang='lat' dir='ltr'>*vocabuli</span> <span class='ocrx_word' id='word_1_40' title='bbox 1138 1039 1274 1121; x_wconf 81' lang='lat' dir='ltr'>quaesiti</span> <span class='ocrx_word' id='word_1_41' title='bbox 1295 1039 1446 1103; x_wconf 87' lang='lat' dir='ltr'>adiunota</span> 
     </span>
     <span class='ocr_line' id='line_1_6' title="bbox 244 1139 1446 1248; baseline -0.001 -30"><span class='ocrx_word' id='word_1_42' title='bbox 244 1173 298 1218; x_wconf 88' lang='lat' dir='ltr'>seu</span> <span class='ocrx_word' id='word_1_43' title='bbox 319 1173 413 1220; x_wconf 88' lang='lat' dir='ltr'>voees</span> <span class='ocrx_word' id='word_1_44' title='bbox 434 1155 590 1236; x_wconf 89' lang='lat' dir='ltr'>quaedam</span> <span class='ocrx_word' id='word_1_45' title='bbox 607 1155 900 1248; x_wconf 21' lang='lat' dir='ltr'>autlanteeedentes</span> <span class='ocrx_word' id='word_1_46' title='bbox 917 1159 973 1218; x_wconf 91' lang='lat' dir='ltr'>aut</span> <span class='ocrx_word' id='word_1_47' title='bbox 994 1139 1219 1236; x_wconf 84' lang='lat' dir='ltr'>subsequentes</span> <span class='ocrx_word' id='word_1_48' title='bbox 1229 1152 1446 1236; x_wconf 81' lang='lat' dir='ltr'>iungerentur3</span> 
     </span>
     <span class='ocr_line' id='line_1_7' title="bbox 197 1266 1445 1353; baseline 0.002 -23"><span class='ocrx_word' id='word_1_49' title='bbox 197 1297 200 1302; x_wconf 21' lang='grc' dir='ltr'><strong>Δ</strong></span> <span class='ocrx_word' id='word_1_50' title='bbox 244 1267 289 1332; x_wconf 85' lang='lat' dir='ltr'>sie</span> <span class='ocrx_word' id='word_1_51' title='bbox 308 1267 393 1333; x_wconf 89' lang='lat' dir='ltr'>enim</span> <span class='ocrx_word' id='word_1_52' title='bbox 412 1268 451 1333; x_wconf 93' lang='lat' dir='ltr'>ob</span> <span class='ocrx_word' id='word_1_53' title='bbox 473 1269 586 1348; x_wconf 84' lang='lat' dir='ltr'>oeulos¹</span> <span class='ocrx_word' id='word_1_54' title='bbox 598 1267 835 1353; x_wconf 87' lang='lat' dir='ltr'>primo&#39;intuitu</span> <span class='ocrx_word' id='word_1_55' title='bbox 856 1268 961 1351; x_wconf 90' lang='lat' dir='ltr'>posita</span> <span class='ocrx_word' id='word_1_56' title='bbox 977 1267 1038 1332; x_wconf 94' lang='lat' dir='ltr'>looi</span> <span class='ocrx_word' id='word_1_57' title='bbox 1057 1266 1223 1345; x_wconf 92' lang='lat' dir='ltr'>sententia,</span> <span class='ocrx_word' id='word_1_58' title='bbox 1245 1266 1322 1348; x_wconf 92' lang='lat' dir='ltr'>quid</span> <span class='ocrx_word' id='word_1_59' title='bbox 1333 1268 1445 1349; x_wconf 89' lang='lat' dir='ltr'>ouique</span> 
     </span>
     <span class='ocr_line' id='line_1_8' title="bbox 244 1359 1491 1466; baseline 0 -21"><span class='ocrx_word' id='word_1_60' title='bbox 244 1401 322 1464; x_wconf 93' lang='lat' dir='ltr'>opus</span> <span class='ocrx_word' id='word_1_61' title='bbox 344 1389 428 1446; x_wconf 91' lang='lat' dir='ltr'>esset</span> <span class='ocrx_word' id='word_1_62' title='bbox 455 1382 488 1445; x_wconf 95' lang='lat' dir='ltr'>in</span> <span class='ocrx_word' id='word_1_63' title='bbox 517 1373 850 1466; x_wconf 84' lang='lat' dir='ltr'>p1·omptuhaberent:</span> <span class='ocrx_word' id='word_1_64' title='bbox 879 1381 975 1464; x_wconf 91' lang='lat' dir='ltr'>idque</span> <span class='ocrx_word' id='word_1_65' title='bbox 996 1380 1082 1444; x_wconf 88' lang='lat' dir='ltr'>haud</span> <span class='ocrx_word' id='word_1_66' title='bbox 1108 1379 1237 1446; x_wconf 82' lang='lat' dir='ltr'>difficile</span> <span class='ocrx_word' id='word_1_67' title='bbox 1260 1387 1342 1463; x_wconf 87' lang='lat' dir='ltr'>erat;</span> <span class='ocrx_word' id='word_1_68' title='bbox 1371 1401 1445 1446; x_wconf 89' lang='lat' dir='ltr'>nam</span> <span class='ocrx_word' id='word_1_69' title='bbox 1487 1359 1491 1366; x_wconf 45' lang='grc'><strong>’</strong></span> 
     </span>
     <span class='ocr_line' id='line_1_9' title="bbox 224 1481 1445 1579; baseline 0 -21"><span class='ocrx_word' id='word_1_70' title='bbox 224 1489 226 1496; x_wconf 82' lang='grc'><strong>’</strong></span> <span class='ocrx_word' id='word_1_71' title='bbox 245 1495 367 1568; x_wconf 81' lang='lat' dir='ltr'>eumin</span> <span class='ocrx_word' id='word_1_72' title='bbox 382 1495 621 1560; x_wconf 84' lang='lat' dir='ltr'>Coneordantiis</span> <span class='ocrx_word' id='word_1_73' title='bbox 641 1496 704 1560; x_wconf 93' lang='lat' dir='ltr'>illis</span> <span class='ocrx_word' id='word_1_74' title='bbox 725 1495 836 1579; x_wconf 88' lang='lat' dir='ltr'>primis</span> <span class='ocrx_word' id='word_1_75' title='bbox 853 1495 914 1560; x_wconf 92' lang='lat' dir='ltr'>loei</span> <span class='ocrx_word' id='word_1_76' title='bbox 933 1495 997 1559; x_wconf 90' lang='lat' dir='ltr'>iam</span> <span class='ocrx_word' id='word_1_77' title='bbox 1017 1494 1148 1558; x_wconf 80' lang='lat' dir='ltr'>indicati</span> <span class='ocrx_word' id='word_1_78' title='bbox 1169 1501 1283 1575; x_wconf 90' lang='lat' dir='ltr'>essent,</span> <span class='ocrx_word' id='word_1_79' title='bbox 1305 1481 1445 1560; x_wconf 88' lang='lat' dir='ltr'>restabat</span> 
     </span>
     <span class='ocr_line' id='line_1_10' title="bbox 244 1605 1444 1698; baseline 0.001 -26"><span class='ocrx_word' id='word_1_80' title='bbox 244 1609 328 1672; x_wconf 82' lang='lat' dir='ltr'>solus</span> <span class='ocrx_word' id='word_1_81' title='bbox 355 1609 396 1673; x_wconf 91' lang='lat' dir='ltr'>ad</span> <span class='ocrx_word' id='word_1_82' title='bbox 424 1629 578 1691; x_wconf 85' lang='lat' dir='ltr'>quemque</span> <span class='ocrx_word' id='word_1_83' title='bbox 605 1610 707 1674; x_wconf 90' lang='lat' dir='ltr'>loeum</span> <span class='ocrx_word' id='word_1_84' title='bbox 729 1605 1005 1674; x_wconf 81' lang='lat' dir='ltr'>addendarumet&#39;</span> <span class='ocrx_word' id='word_1_85' title='bbox 1019 1607 1254 1698; x_wconf 76' lang='lat' dir='ltr'>serilrendarum</span> <span class='ocrx_word' id='word_1_86' title='bbox 1277 1610 1444 1674; x_wconf 89' lang='lat' dir='ltr'>sententia-</span> 
     </span>
     <span class='ocr_line' id='line_1_11' title="bbox 242 1721 1444 1812; baseline 0 -27"><span class='ocrx_word' id='word_1_87' title='bbox 242 1742 310 1786; x_wconf 92' lang='lat' dir='ltr'>rum</span> <span class='ocrx_word' id='word_1_88' title='bbox 329 1721 428 1787; x_wconf 92' lang='lat' dir='ltr'>labor.</span> <span class='ocrx_word' id='word_1_89' title='bbox 468 1722 560 1807; x_wconf 90' lang='lat' dir='ltr'>Hune</span> <span class='ocrx_word' id='word_1_90' title='bbox 580 1729 684 1788; x_wconf 89' lang='lat' dir='ltr'>autem</span> <span class='ocrx_word' id='word_1_91' title='bbox 698 1724 846 1788; x_wconf 85' lang='lat' dir='ltr'>&#39;libenter</span> <span class='ocrx_word' id='word_1_92' title='bbox 864 1722 926 1788; x_wconf 92' lang='lat' dir='ltr'>sibi</span> <span class='ocrx_word' id='word_1_93' title='bbox 950 1721 1310 1812; x_wconf 86' lang='lat' dir='ltr'>assumseruntsodales</span> <span class='ocrx_word' id='word_1_94' title='bbox 1334 1722 1367 1786; x_wconf 95' lang='lat' dir='ltr'>in</span> <span class='ocrx_word' id='word_1_95' title='bbox 1388 1744 1444 1806; x_wconf 91' lang='lat' dir='ltr'>gy-</span> 
     </span>
     <span class='ocr_line' id='line_1_12' title="bbox 244 1835 1444 1921; baseline -0.001 -21"><span class='ocrx_word' id='word_1_96' title='bbox 244 1835 365 1900; x_wconf 92' lang='lat' dir='ltr'>mnasio</span> <span class='ocrx_word' id='word_1_97' title='bbox 388 1836 583 1920; x_wconf 80' lang='lat' dir='ltr'>Sanjaoobeo</span> <span class='ocrx_word' id='word_1_98' title='bbox 611 1837 790 1920; x_wconf 83' lang='lat' dir='ltr'>theologiae</span> <span class='ocrx_word' id='word_1_99' title='bbox 815 1857 943 1921; x_wconf 88' lang='lat' dir='ltr'>operam</span> <span class='ocrx_word' id='word_1_100' title='bbox 964 1836 1092 1915; x_wconf 89' lang='lat' dir='ltr'>dantes,</span> <span class='ocrx_word' id='word_1_101' title='bbox 1119 1836 1317 1920; x_wconf 90' lang='lat' dir='ltr'>potissimum</span> <span class='ocrx_word' id='word_1_102' title='bbox 1337 1837 1444 1919; x_wconf 86' lang='lat' dir='ltr'>Angli,</span> 
     </span>
     <span class='ocr_line' id='line_1_13' title="bbox 243 1933 1443 2034; baseline 0.001 -21"><span class='ocrx_word' id='word_1_103' title='bbox 243 1950 325 2014; x_wconf 92' lang='lat' dir='ltr'>inter</span> <span class='ocrx_word' id='word_1_104' title='bbox 344 1969 422 2032; x_wconf 90' lang='lat' dir='ltr'>quos</span> <span class='ocrx_word' id='word_1_105' title='bbox 439 1933 775 2034; x_wconf 48' lang='lat' dir='ltr'>inprimisloann&#39;es</span> <span class='ocrx_word' id='word_1_106' title='bbox 797 1950 1142 2032; x_wconf 86' lang='lat' dir='ltr'>de·Derlington,¹</span> <span class='ocrx_word' id='word_1_107' title='bbox 1170 1949 1369 2017; x_wconf 85' lang='lat' dir='ltr'>Rioardus</span> <span class='ocrx_word' id='word_1_108' title='bbox 1397 1950 1443 2015; x_wconf 94' lang='lat' dir='ltr'>de</span> 
     </span>
     <span class='ocr_line' id='line_1_14' title="bbox 223 2043 1443 2148; baseline 0.002 -22"><span class='ocrx_word' id='word_1_109' title='bbox 223 2061 524 2147; x_wconf 69' lang='lat' dir='ltr'>·Stavenesby²⁴</span> <span class='ocrx_word' id='word_1_110' title='bbox 559 2072 590 2130; x_wconf 93' lang='lat' dir='ltr'>et</span> <span class='ocrx_word' id='word_1_111' title='bbox 616 2066 727 2148; x_wconf 91' lang='lat' dir='ltr'>Hugo</span> <span class='ocrx_word' id='word_1_112' title='bbox 753 2065 801 2130; x_wconf 93' lang='lat' dir='ltr'>de</span> <span class='ocrx_word' id='word_1_113' title='bbox 830 2053 1090 2146; x_wconf 77' lang='lat' dir='ltr'>Croyndon&#39;io</span> <span class='ocrx_word' id='word_1_114' title='bbox 1122 2064 1196 2129; x_wconf 89' lang='lat' dir='ltr'>huie</span> <span class='ocrx_word' id='word_1_115' title='bbox 1227 2043 1326 2130; x_wconf 90' lang='lat' dir='ltr'>labori</span> <span class='ocrx_word' id='word_1_116' title='bbox 1356 2064 1443 2129; x_wconf 87' lang='lat' dir='ltr'>ineu-</span> 
     </span>
     <span class='ocr_line' id='line_1_15' title="bbox 244 2177 384 2242; baseline -0.007 -1"><span class='ocrx_word' id='word_1_117' title='bbox 244 2177 384 2242; x_wconf 87' lang='lat' dir='ltr'>buemnt.</span> 
     </span>
    </p>

    <p class='ocr_par' dir='ltr' id='par_1_3' title="bbox 181 2277 1448 3286">
     <span class='ocr_line' id='line_1_16' title="bbox 316 2277 1442 2376; baseline 0.003 -22"><span class='ocrx_word' id='word_1_118' title='bbox 316 2289 490 2356; x_wconf 79' lang='lat' dir='ltr'>Hae‘oirea</span> <span class='ocrx_word' id='word_1_119' title='bbox 514 2312 630 2357; x_wconf 87' lang='lat' dir='ltr'>annum</span> <span class='ocrx_word' id='word_1_120' title='bbox 659 2292 743 2356; x_wconf 76' lang='lat'><strong>1252.</strong></span> <span class='ocrx_word' id='word_1_121' title='bbox 766 2277 940 2376; x_wconf 88' lang='lat' dir='ltr'>ab·Anglis</span> <span class='ocrx_word' id='word_1_122' title='bbox 961 2277 1119 2376; x_wconf 80' lang='lat' dir='ltr'>gymnasii</span> <span class='ocrx_word' id='word_1_123' title='bbox 1141 2291 1329 2375; x_wconf 79' lang='lat' dir='ltr'>Sanjaeobei</span> <span class='ocrx_word' id='word_1_124' title='bbox 1351 2291 1442 2357; x_wconf 90' lang='lat' dir='ltr'>oolle-</span> 
     </span>
     <span class='ocr_line' id='line_1_17' title="bbox 243 2404 1443 2489; baseline 0.003 -22"><span class='ocrx_word' id='word_1_125' title='bbox 243 2404 293 2486; x_wconf 91' lang='lat' dir='ltr'>gis</span> <span class='ocrx_word' id='word_1_126' title='bbox 321 2406 512 2489; x_wconf 87' lang='lat' dir='ltr'>eompositae</span> <span class='ocrx_word' id='word_1_127' title='bbox 539 2406 790 2472; x_wconf 75' lang='lat' dir='ltr'>concordantiae</span> <span class='ocrx_word' id='word_1_128' title='bbox 814 2409 972 2470; x_wconf 68' lang='lat' dir='ltr'>lausanae</span> <span class='ocrx_word' id='word_1_129' title='bbox 1005 2409 1149 2489; x_wconf 87' lang='lat' dir='ltr'>(quarum</span> <span class='ocrx_word' id='word_1_130' title='bbox 1176 2413 1259 2472; x_wconf 91' lang='lat' dir='ltr'>oerte</span> <span class='ocrx_word' id='word_1_131' title='bbox 1287 2405 1443 2488; x_wconf 89' lang='lat' dir='ltr'>quaedam</span> 
     </span>
     <span class='ocr_line' id='line_1_18' title="bbox 244 2519 1443 2604; baseline 0.006 -22"><span class='ocrx_word' id='word_1_132' title='bbox 244 2519 387 2602; x_wconf 83' lang='lat' dir='ltr'>exempla</span> <span class='ocrx_word' id='word_1_133' title='bbox 416 2520 449 2583; x_wconf 91' lang='lat' dir='ltr'>in</span> <span class='ocrx_word' id='word_1_134' title='bbox 471 2525 604 2601; x_wconf 85' lang='lat' dir='ltr'>quatuor</span> <span class='ocrx_word' id='word_1_135' title='bbox 623 2521 784 2586; x_wconf 88' lang='lat' dir='ltr'>volumina</span> <span class='ocrx_word' id='word_1_136' title='bbox 804 2527 894 2585; x_wconf 90' lang='lat' dir='ltr'>erant</span> <span class='ocrx_word' id='word_1_137' title='bbox 917 2521 1079 2600; x_wconf 84' lang='lat' dir='ltr'>distinete)</span> <span class='ocrx_word' id='word_1_138' title='bbox 1107 2525 1235 2604; x_wconf 86' lang='lat' dir='ltr'>propter</span> <span class='ocrx_word' id='word_1_139' title='bbox 1254 2539 1361 2585; x_wconf 87' lang='lat' dir='ltr'>earum</span> <span class='ocrx_word' id='word_1_140' title='bbox 1389 2539 1443 2590; x_wconf 86' lang='lat' dir='ltr'>au-</span> 
     </span>
     <span class='ocr_line' id='line_1_19' title="bbox 181 2620 1443 2728; baseline 0.002 -33"><span class='ocrx_word' id='word_1_141' title='bbox 181 2715 185 2722; x_wconf 27' lang='lat'><em>.</em></span> <span class='ocrx_word' id='word_1_142' title='bbox 244 2620 344 2696; x_wconf 82' lang='lat' dir='ltr'>oteres</span> <span class='ocrx_word' id='word_1_143' title='bbox 361 2633 561 2728; x_wconf 89' lang='lat' dir='ltr'>nominantur</span> <span class='ocrx_word' id='word_1_144' title='bbox 583 2634 797 2719; x_wconf 67' lang='lat' dir='ltr'>Areplt’oauae,</span> <span class='ocrx_word' id='word_1_145' title='bbox 818 2635 893 2701; x_wconf 90' lang='lat' dir='ltr'>item</span> <span class='ocrx_word' id='word_1_146' title='bbox 912 2640 1040 2720; x_wconf 83' lang='lat' dir='ltr'>propter</span> <span class='ocrx_word' id='word_1_147' title='bbox 1059 2635 1147 2699; x_wconf 90' lang='lat' dir='ltr'>illum</span> <span class='ocrx_word' id='word_1_148' title='bbox 1165 2639 1369 2716; x_wconf 81' lang='lat' dir='ltr'>conventum,</span> <span class='ocrx_word' id='word_1_149' title='bbox 1389 2634 1443 2699; x_wconf 92' lang='lat' dir='ltr'>ubi</span> 
     </span>
     <span class='ocr_line' id='line_1_20' title="bbox 243 2725 1448 2839; baseline 0.001 -30"><span class='ocrx_word' id='word_1_150' title='bbox 243 2725 342 2827; x_wconf 81' lang='lat' dir='ltr'>aeque</span> <span class='ocrx_word' id='word_1_151' title='bbox 364 2766 403 2812; x_wconf 87' lang='lat' dir='ltr'>ae</span> <span class='ocrx_word' id='word_1_152' title='bbox 437 2748 560 2831; x_wconf 85' lang='lat' dir='ltr'>priores¹</span> <span class='ocrx_word' id='word_1_153' title='bbox 581 2748 694 2839; x_wconf 83' lang='lat' dir='ltr'>breves</span> <span class='ocrx_word' id='word_1_154' title='bbox 723 2748 911 2832; x_wconf 80' lang='lat' dir='ltr'>compilatae</span> <span class='ocrx_word' id='word_1_155' title='bbox 944 2755 1031 2831; x_wconf 90' lang='lat' dir='ltr'>sunt,</span> <span class='ocrx_word' id='word_1_156' title='bbox 1060 2748 1311 2815; x_wconf 83' lang='lat' dir='ltr'>Gono&#39;ordantiae</span> <span class='ocrx_word' id='word_1_157' title='bbox 1339 2750 1448 2812; x_wconf 78' lang='lat' dir='ltr'>sancti</span> 
     </span>
     <span class='ocr_line' id='line_1_21' title="bbox 243 2843 1443 2946; baseline 0.007 -26"><span class='ocrx_word' id='word_1_158' title='bbox 243 2861 361 2923; x_wconf 80' lang='lat' dir='ltr'>Iooobi.</span> <span class='ocrx_word' id='word_1_159' title='bbox 403 2861 441 2925; x_wconf 95' lang='lat' dir='ltr'>In</span> <span class='ocrx_word' id='word_1_160' title='bbox 468 2862 518 2926; x_wconf 91' lang='lat' dir='ltr'>his</span> <span class='ocrx_word' id='word_1_161' title='bbox 545 2882 668 2944; x_wconf 90' lang='lat' dir='ltr'>quoque</span> <span class='ocrx_word' id='word_1_162' title='bbox 696 2869 729 2927; x_wconf 89' lang='lat' dir='ltr'>ut</span> <span class='ocrx_word' id='word_1_163' title='bbox 759 2843 929 2946; x_wconf 87' lang='lat' dir='ltr'>inprimis</span> <span class='ocrx_word' id='word_1_164' title='bbox 957 2863 1100 2946; x_wconf 90' lang='lat' dir='ltr'>Hugonis</span> <span class='ocrx_word' id='word_1_165' title='bbox 1130 2863 1236 2928; x_wconf 89' lang='lat' dir='ltr'>omnia</span> <span class='ocrx_word' id='word_1_166' title='bbox 1262 2863 1443 2946; x_wconf 83' lang='lat' dir='ltr'>Scripturae</span> 
     </span>
     <span class='ocr_line' id='line_1_22' title="bbox 243 2965 1444 3061; baseline 0.003 -23"><span class='ocrx_word' id='word_1_167' title='bbox 243 2993 350 3038; x_wconf 90' lang='lat' dir='ltr'>saorae</span> <span class='ocrx_word' id='word_1_168' title='bbox 369 2975 476 3058; x_wconf 88' lang='lat' dir='ltr'>oapita</span> <span class='ocrx_word' id='word_1_169' title='bbox 498 2976 644 3041; x_wconf 82' lang='lat' dir='ltr'>b&#39;reviora</span> <span class='ocrx_word' id='word_1_170' title='bbox 656 3009 659 3015; x_wconf 93' lang='lat'>·</span> <span class='ocrx_word' id='word_1_171' title='bbox 672 2997 734 3041; x_wconf 93' lang='lat' dir='ltr'>nou</span> <span class='ocrx_word' id='word_1_172' title='bbox 763 2996 853 3042; x_wconf 89' lang='lat' dir='ltr'>seeus</span> <span class='ocrx_word' id='word_1_173' title='bbox 873 2996 912 3042; x_wconf 86' lang='lat' dir='ltr'>ao</span> <span class='ocrx_word' id='word_1_174' title='bbox 933 2977 1078 3060; x_wconf 87' lang='lat' dir='ltr'>longiora</span> <span class='ocrx_word' id='word_1_175' title='bbox 1099 2997 1155 3060; x_wconf 92' lang='lat' dir='ltr'>per</span> <span class='ocrx_word' id='word_1_176' title='bbox 1177 2983 1298 3060; x_wconf 88' lang='lat' dir='ltr'>septem</span> <span class='ocrx_word' id='word_1_177' title='bbox 1315 2965 1444 3061; x_wconf 89' lang='lat' dir='ltr'>priores</span> 
     </span>
     <span class='ocr_line' id='line_1_23' title="bbox 242 3087 1443 3174; baseline 0.003 -24"><span class='ocrx_word' id='word_1_178' title='bbox 242 3087 411 3170; x_wconf 85' lang='lat' dir='ltr'>alphabeti·</span> <span class='ocrx_word' id='word_1_179' title='bbox 423 3089 545 3155; x_wconf 85' lang='lat' dir='ltr'>litteras</span> <span class='ocrx_word' id='word_1_180' title='bbox 566 3090 810 3173; x_wconf 90' lang='lat' dir='ltr'>distinguuntur,</span> <span class='ocrx_word' id='word_1_181' title='bbox 833 3091 867 3155; x_wconf 93' lang='lat' dir='ltr'>id</span> <span class='ocrx_word' id='word_1_182' title='bbox 889 3091 973 3172; x_wconf 92' lang='lat' dir='ltr'>quod</span> <span class='ocrx_word' id='word_1_183' title='bbox 994 3091 1091 3156; x_wconf 90' lang='lat' dir='ltr'>leetor</span> <span class='ocrx_word' id='word_1_184' title='bbox 1110 3087 1252 3156; x_wconf 83' lang='lat' dir='ltr'>exlrisoe</span> <span class='ocrx_word' id='word_1_185' title='bbox 1267 3090 1443 3174; x_wconf 77' lang='lat' dir='ltr'>specimini-</span> 
     </span>
     <span class='ocr_line' id='line_1_24' title="bbox 242 3189 654 3286; baseline 0 -20"><span class='ocrx_word' id='word_1_186' title='bbox 242 3201 300 3266; x_wconf 86' lang='lat' dir='ltr'>bus</span> <span class='ocrx_word' id='word_1_187' title='bbox 320 3209 503 3286; x_wconf 86' lang='lat' dir='ltr'>oognoseet:</span> <span class='ocrx_word' id='word_1_188' title='bbox 534 3245 537 3250; x_wconf 90' lang='lat'><em>-</em></span> <span class='ocrx_word' id='word_1_189' title='bbox 649 3189 654 3197; x_wconf 72' lang='grc'><strong>’</strong></span> 
     </span>
    </p>
   </div>
   <div class='ocr_carea' id='block_1_3' title="bbox 181 3571 1468 4344">
    <p class='ocr_par' dir='ltr' id='par_1_4' title="bbox 181 3571 1468 4230">
     <span class='ocr_line' id='line_1_25' title="bbox 181 3571 1443 3671; baseline 0.004 -24"><span class='ocrx_word' id='word_1_190' title='bbox 181 3616 185 3621; x_wconf 92' lang='grc'>-</span> <span class='ocrx_word' id='word_1_191' title='bbox 245 3643 247 3648; x_wconf 82' lang='grc'><strong>,</strong></span> <span class='ocrx_word' id='word_1_192' title='bbox 289 3575 397 3648; x_wconf 70' lang='lat' dir='ltr'>&#39;nius&#39;</span> <span class='ocrx_word' id='word_1_193' title='bbox 419 3591 508 3650; x_wconf 71' lang='lat' dir='ltr'>oum</span> <span class='ocrx_word' id='word_1_194' title='bbox 530 3591 685 3667; x_wconf 75' lang='lat' dir='ltr'>descripsit</span> <span class='ocrx_word' id='word_1_195' title='bbox 707 3581 815 3655; x_wconf 61' lang='lat' dir='ltr'>nulus</span> <span class='ocrx_word' id='word_1_196' title='bbox 832 3591 852 3648; x_wconf 86' lang='lat' dir='ltr'>l.</span> <span class='ocrx_word' id='word_1_197' title='bbox 873 3593 892 3649; x_wconf 85' lang='lat'>1.</span> <span class='ocrx_word' id='word_1_198' title='bbox 912 3594 944 3650; x_wconf 82' lang='lat' dir='ltr'>r.</span> <span class='ocrx_word' id='word_1_199' title='bbox 966 3594 988 3649; x_wconf 87' lang='lat'>1.</span> <span class='ocrx_word' id='word_1_200' title='bbox 1011 3612 1039 3668; x_wconf 83' lang='lat' dir='ltr'>p.</span> <span class='ocrx_word' id='word_1_201' title='bbox 1060 3590 1118 3651; x_wconf 84' lang='lat'>395</span> <span class='ocrx_word' id='word_1_202' title='bbox 1140 3613 1182 3671; x_wconf 76' lang='lat' dir='ltr'>sq.</span> <span class='ocrx_word' id='word_1_203' title='bbox 1245 3594 1301 3652; x_wconf 71' lang='lat' dir='ltr'>ruo</span> <span class='ocrx_word' id='word_1_204' title='bbox 1321 3571 1443 3668; x_wconf 71' lang='lat' dir='ltr'>Anglus,</span> 
     </span>
     <span class='ocr_line' id='line_1_26' title="bbox 245 3675 1442 3768; baseline 0.004 -25"><span class='ocrx_word' id='word_1_205' title='bbox 245 3687 480 3748; x_wconf 83' lang='lat' dir='ltr'>Praedioatorum</span> <span class='ocrx_word' id='word_1_206' title='bbox 501 3687 632 3746; x_wconf 88' lang='lat' dir='ltr'>ordinem</span> <span class='ocrx_word' id='word_1_207' title='bbox 664 3675 817 3764; x_wconf 84' lang='lat' dir='ltr'>amplexus</span> <span class='ocrx_word' id='word_1_208' title='bbox 845 3688 876 3745; x_wconf 95' lang='lat' dir='ltr'>in</span> <span class='ocrx_word' id='word_1_209' title='bbox 906 3689 1017 3764; x_wconf 87' lang='lat' dir='ltr'>patria,</span> <span class='ocrx_word' id='word_1_210' title='bbox 1044 3697 1198 3767; x_wconf 87' lang='lat' dir='ltr'>postquam</span> <span class='ocrx_word' id='word_1_211' title='bbox 1219 3690 1331 3768; x_wconf 86' lang='lat' dir='ltr'>aliquot</span> <span class='ocrx_word' id='word_1_212' title='bbox 1351 3710 1442 3749; x_wconf 88' lang='lat' dir='ltr'>annos</span> 
     </span>
     <span class='ocr_line' id='line_1_27' title="bbox 244 3784 1443 3862; baseline 0.004 -22"><span class='ocrx_word' id='word_1_213' title='bbox 244 3785 322 3858; x_wconf 80' lang='lat' dir='ltr'>apud</span> <span class='ocrx_word' id='word_1_214' title='bbox 343 3804 411 3848; x_wconf 86' lang='lat' dir='ltr'>suos</span> <span class='ocrx_word' id='word_1_215' title='bbox 433 3785 540 3846; x_wconf 85' lang='lat' dir='ltr'>studiis</span> <span class='ocrx_word' id='word_1_216' title='bbox 562 3805 680 3860; x_wconf 83' lang='lat' dir='ltr'>operam</span> <span class='ocrx_word' id='word_1_217' title='bbox 699 3786 837 3856; x_wconf 88' lang='lat' dir='ltr'>dederat,</span> <span class='ocrx_word' id='word_1_218' title='bbox 860 3784 1009 3843; x_wconf 86' lang='lat' dir='ltr'>Lutetiam</span> <span class='ocrx_word' id='word_1_219' title='bbox 1031 3805 1083 3861; x_wconf 92' lang='lat' dir='ltr'>pro</span> <span class='ocrx_word' id='word_1_220' title='bbox 1103 3790 1166 3844; x_wconf 87' lang='lat' dir='ltr'>rata</span> <span class='ocrx_word' id='word_1_221' title='bbox 1187 3805 1258 3845; x_wconf 87' lang='lat' dir='ltr'>suae</span> <span class='ocrx_word' id='word_1_222' title='bbox 1277 3786 1443 3862; x_wconf 84' lang='lat' dir='ltr'>provinciae</span> 
     </span>
     <span class='ocr_line' id='line_1_28' title="bbox 245 3876 1443 3957; baseline 0.005 -21"><span class='ocrx_word' id='word_1_223' title='bbox 245 3881 282 3937; x_wconf 87' lang='lat' dir='ltr'>ad</span> <span class='ocrx_word' id='word_1_224' title='bbox 306 3876 490 3957; x_wconf 83' lang='lat' dir='ltr'>gymnasium</span> <span class='ocrx_word' id='word_1_225' title='bbox 512 3881 723 3955; x_wconf 84' lang='lat' dir='ltr'>Sanjaoobeum</span> <span class='ocrx_word' id='word_1_226' title='bbox 744 3883 853 3939; x_wconf 84' lang='lat' dir='ltr'>missus</span> <span class='ocrx_word' id='word_1_227' title='bbox 874 3888 934 3954; x_wconf 90' lang='lat' dir='ltr'>est,</span> <span class='ocrx_word' id='word_1_228' title='bbox 958 3882 1010 3940; x_wconf 92' lang='lat' dir='ltr'>ubi</span> <span class='ocrx_word' id='word_1_229' title='bbox 1034 3882 1094 3939; x_wconf 86' lang='lat' dir='ltr'>¹iam</span> <span class='ocrx_word' id='word_1_230' title='bbox 1115 3883 1223 3955; x_wconf 87' lang='lat' dir='ltr'>agebat</span> <span class='ocrx_word' id='word_1_231' title='bbox 1245 3889 1314 3940; x_wconf 86' lang='lat' dir='ltr'>ante</span> <span class='ocrx_word' id='word_1_232' title='bbox 1335 3903 1443 3942; x_wconf 88' lang='lat' dir='ltr'>annum</span> 
     </span>
     <span class='ocr_line' id='line_1_29' title="bbox 246 3963 1441 4056; baseline 0.005 -23"><span class='ocrx_word' id='word_1_233' title='bbox 246 3974 324 4035; x_wconf 80' lang='lat'>-1250</span> <span class='ocrx_word' id='word_1_234' title='bbox 352 3981 383 4034; x_wconf 91' lang='lat' dir='ltr'>et</span> <span class='ocrx_word' id='word_1_235' title='bbox 410 3977 586 4056; x_wconf 89' lang='lat' dir='ltr'>quibusdam</span> <span class='ocrx_word' id='word_1_236' title='bbox 613 3978 697 4036; x_wconf 88' lang='lat' dir='ltr'>annis</span> <span class='ocrx_word' id='word_1_237' title='bbox 716 3979 822 4037; x_wconf 86' lang='lat' dir='ltr'>stetit·</span> <span class='ocrx_word' id='word_1_238' title='bbox 868 3979 985 4036; x_wconf 82' lang='lat' dir='ltr'>Exinde</span> <span class='ocrx_word' id='word_1_239' title='bbox 1006 3979 1047 4035; x_wconf 88' lang='lat' dir='ltr'>in.</span> <span class='ocrx_word' id='word_1_240' title='bbox 1061 3963 1197 4052; x_wconf 80' lang='lat' dir='ltr'>Angliarn</span> <span class='ocrx_word' id='word_1_241' title='bbox 1218 3998 1361 4051; x_wconf 86' lang='lat' dir='ltr'>reversus,</span> <span class='ocrx_word' id='word_1_242' title='bbox 1383 4000 1441 4040; x_wconf 94' lang='lat' dir='ltr'>non</span> 
     </span>
     <span class='ocr_line' id='line_1_30' title="bbox 244 4058 1468 4150; baseline 0.007 -21"><span class='ocrx_word' id='word_1_243' title='bbox 244 4091 360 4147; x_wconf 84' lang='lat' dir='ltr'>paruam</span> <span class='ocrx_word' id='word_1_244' title='bbox 395 4063 452 4132; x_wconf 84' lang='lat' dir='ltr'>sibi</span> <span class='ocrx_word' id='word_1_245' title='bbox 475 4073 649 4132; x_wconf 84' lang='lat' dir='ltr'>eruditione</span> <span class='ocrx_word' id='word_1_246' title='bbox 681 4075 789 4132; x_wconf 85' lang='lat' dir='ltr'>famam</span> <span class='ocrx_word' id='word_1_247' title='bbox 820 4074 1006 4150; x_wconf 84' lang='lat' dir='ltr'>eomparavit.</span> <span class='ocrx_word' id='word_1_248' title='bbox 1069 4076 1205 4133; x_wconf 85' lang='lat' dir='ltr'>Mortuus</span> <span class='ocrx_word' id='word_1_249' title='bbox 1235 4080 1282 4138; x_wconf 85' lang='lat' dir='ltr'>est</span> <span class='ocrx_word' id='word_1_250' title='bbox 1315 4058 1442 4134; x_wconf 84' lang='lat' dir='ltr'>Londini</span> <span class='ocrx_word' id='word_1_251' title='bbox 1465 4131 1468 4138; x_wconf 94' lang='lat'>.</span> 
     </span>
     <span class='ocr_line' id='line_1_31' title="bbox 243 4155 1334 4230; baseline 0.007 -5"><span class='ocrx_word' id='word_1_252' title='bbox 243 4165 289 4226; x_wconf 78' lang='lat' dir='ltr'>no.</span> <span class='ocrx_word' id='word_1_253' title='bbox 310 4170 396 4227; x_wconf 70' lang='lat' dir='ltr'>nare.</span> <span class='ocrx_word' id='word_1_254' title='bbox 421 4167 508 4230; x_wconf 74' lang='lat' dir='ltr'>raso.</span> <span class='ocrx_word' id='word_1_255' title='bbox 955 4169 957 4174; x_wconf 86' lang='grc'><em>·</em></span> <span class='ocrx_word' id='word_1_256' title='bbox 1331 4155 1334 4161; x_wconf 88' lang='grc'><strong>’</strong></span> 
     </span>
    </p>

    <p class='ocr_par' dir='ltr' id='par_1_5' title="bbox 286 4263 1444 4344">
     <span class='ocr_line' id='line_1_32' title="bbox 286 4263 1444 4344; baseline 0.003 -22"><span class='ocrx_word' id='word_1_257' title='bbox 286 4267 298 4298; x_wconf 88' lang='lat'>²</span> <span class='ocrx_word' id='word_1_258' title='bbox 319 4265 377 4323; x_wconf 88' lang='lat' dir='ltr'>Hie</span> <span class='ocrx_word' id='word_1_259' title='bbox 401 4264 433 4323; x_wconf 93' lang='lat' dir='ltr'>in</span> <span class='ocrx_word' id='word_1_260' title='bbox 459 4269 609 4343; x_wconf 82' lang='lat' dir='ltr'>gymnasio</span> <span class='ocrx_word' id='word_1_261' title='bbox 631 4269 809 4344; x_wconf 85' lang='lat' dir='ltr'>Sanjaoobeo</span> <span class='ocrx_word' id='word_1_262' title='bbox 836 4268 894 4326; x_wconf 89' lang='lat' dir='ltr'>iam</span> <span class='ocrx_word' id='word_1_263' title='bbox 917 4263 1024 4342; x_wconf 80' lang='lat' dir='ltr'>agebat</span> <span class='ocrx_word' id='word_1_264' title='bbox 1044 4270 1122 4329; x_wconf 85' lang='lat' dir='ltr'>eirea</span> <span class='ocrx_word' id='word_1_265' title='bbox 1144 4269 1220 4330; x_wconf 77' lang='lat'>1250</span> <span class='ocrx_word' id='word_1_266' title='bbox 1241 4268 1360 4328; x_wconf 84' lang='lat' dir='ltr'>eum·F.</span> <span class='ocrx_word' id='word_1_267' title='bbox 1382 4269 1444 4326; x_wconf 91' lang='lat' dir='ltr'>Hu-</span> 
     </span>
    </p>
   </div>
   <div class='ocr_carea' id='block_1_4' title="bbox 242 4361 1442 4530">
    <p class='ocr_par' dir='ltr' id='par_1_6' title="bbox 242 4361 1442 4530">
     <span class='ocr_line' id='line_1_33' title="bbox 243 4361 1442 4516; baseline 0.003 -98"><span class='ocrx_word' id='word_1_268' title='bbox 243 4361 375 4516; x_wconf 53' lang='lat' dir='ltr'><strong>⁸⁰33de</strong></span> <span class='ocrx_word' id='word_1_269' title='bbox 398 4363 599 4440; x_wconf 82' lang='lat' dir='ltr'>Oroyndonio,</span> <span class='ocrx_word' id='word_1_270' title='bbox 626 4365 730 4438; x_wconf 83' lang='lat' dir='ltr'>gentili</span> <span class='ocrx_word' id='word_1_271' title='bbox 757 4385 809 4423; x_wconf 87' lang='lat' dir='ltr'>suo</span> <span class='ocrx_word' id='word_1_272' title='bbox 828 4370 858 4424; x_wconf 90' lang='lat' dir='ltr'>et</span> <span class='ocrx_word' id='word_1_273' title='bbox 879 4367 1007 4442; x_wconf 81' lang='lat' dir='ltr'>collega,</span> <span class='ocrx_word' id='word_1_274' title='bbox 1035 4371 1112 4438; x_wconf 76' lang='lat' dir='ltr'>teste</span> <span class='ocrx_word' id='word_1_275' title='bbox 1133 4367 1261 4431; x_wconf 76' lang='lat' dir='ltr'>Quetifio</span> <span class='ocrx_word' id='word_1_276' title='bbox 1281 4365 1301 4426; x_wconf 90' lang='lat' dir='ltr'>l.</span> <span class='ocrx_word' id='word_1_277' title='bbox 1323 4364 1342 4421; x_wconf 94' lang='lat' dir='ltr'>l.</span> <span class='ocrx_word' id='word_1_278' title='bbox 1364 4365 1398 4423; x_wconf 83' lang='grc' dir='ltr'>Τ.</span> <span class='ocrx_word' id='word_1_279' title='bbox 1419 4365 1442 4422; x_wconf 90' lang='lat'>1.</span> 
     </span>
     <span class='ocr_line' id='line_1_34' title="bbox 242 4473 349 4530; baseline -0.035 0"><span class='ocrx_word' id='word_1_280' title='bbox 242 4473 270 4530; x_wconf 79' lang='lat'>1&gt;-</span> <span class='ocrx_word' id='word_1_281' title='bbox 344 4501 349 4514; x_wconf 91' lang='lat'>·</span> 
     </span>
    </p>
   </div>
   <div class='ocr_carea' id='block_1_5' title="bbox 0 0 1874 5720">
    <p class='ocr_par' dir='ltr' id='par_1_7' title="bbox 0 0 1874 5720">
     <span class='ocr_line' id='line_1_35' title="bbox 0 0 1874 5720; baseline 0 1"><span class='ocrx_word' id='word_1_282' title='bbox 0 0 1874 5720; x_wconf 95' lang='lat' dir='ltr'> </span> 
     </span>
    </p>
   </div>
  </div>
 </body>
</html>
