3738 5720
420 557 458 607 vl
891 555 1170 607 PROLEGOMENA.

501 701 562 765 Hic
588 701 638 764 vir
663 701 791 784 ingenio
823 707 854 766 et
882 702 996 766 virtute
1026 701 1182 765 excellens
1208 701 1346 765 Parisios
1377 701 1501 766 iuvenis
1527 702 1625 783 venit,

422 814 619 896 emensisque
647 815 867 899 philosophiae
885 835 922 880 ac
945 815 1123 898 theologiae
1145 814 1274 894 studiis,
1302 815 1334 878 in
1361 835 1451 879 saera
1472 815 1622 880 facultate

422 929 645 993 baccalaureus
667 929 823 994 admissus
845 937 901 1008 est,
925 935 989 993 tum
1012 935 1043 992 et
1064 929 1122 992 iuri
1136 929 1258 1010 utrique
1277 949 1404 1012 operam
1422 928 1519 1010 dedit,
1540 929 1624 1011 quod

421 1043 517 1107 etiam
541 1043 667 1126 publice
693 1043 807 1108 docuit.
870 1043 961 1106 Anno
994 1044 1079 1105 1225.
1108 1043 1155 1105 22.
1177 1043 1269 1106 Febr.
1297 1043 1460 1106 eonsilium
1488 1043 1623 1106 instituti

421 1156 676 1221 Praedicatorum
692 1156 903 1240 amplectendi
923 1156 987 1219 iam
1001 1156 1087 1239 prius
1099 1163 1283 1239 conceptum
1298 1176 1472 1237 exsequens
1487 1157 1519 1220 in
1532 1156 1624 1220 domo

422 1271 619 1353 Sanjacobea
650 1270 821 1335 Parisiensi
856 1278 975 1335 vestem
1004 1270 1107 1334 induit
1136 1275 1167 1334 et
1196 1269 1365 1334 Dominiei.
1382 1270 1489 1352 iugum
1518 1270 1624 1336 subiit.

421 1386 490 1448 Iam
511 1404 539 1447 a.
564 1387 639 1446 1227
659 1385 815 1449 Franciae
836 1385 1043 1450 Prouincialis
1065 1385 1183 1466 dictus,
1212 1391 1242 1448 11
1265 1384 1460 1448 consiliarius
1489 1385 1530 1447 ab
1559 1385 1624 1467 epi-

422 1499 526 1580 seopis
549 1504 580 1562 et
602 1500 730 1564 summis
750 1500 948 1582 pontificibus
969 1500 1002 1563 in
1022 1499 1224 1580 difficillimis
1243 1518 1323 1580 quae
1344 1517 1401 1561 sua
1420 1504 1523 1562 aetate
1544 1498 1624 1562 aeci-

422 1611 544 1693 derunt,
564 1613 701 1696 negotiis
716 1620 750 1677 ut
770 1615 818 1677 vir
839 1615 936 1678 solers
957 1621 988 1679 et
1008 1615 1130 1698 integer
1145 1613 1306 1678 adhibitus
1327 1619 1383 1678 111.
1423 1613 1514 1676 Anno
1541 1614 1624 1675 1244.

421 1727 469 1789 28.
486 1726 563 1790 Μ111
584 1729 786 1794 Innocentius
806 1729 860 1793 IV.
881 1729 964 1792 inter
989 1729 1024 1790 12
1046 1727 1233 1806 cardinales,
1255 1747 1332 1810 quos
1352 1727 1384 1791 in
1402 1726 1482 1791 aede
1500 1727 1531 1792 S.
1540 1727 1625 1792 Petri

420 1841 538 1904 Romae
560 1842 687 1924 creavit,
707 1843 871 1925 Hugonem
892 1842 974 1906 tituli
995 1842 1025 1906 S.
1039 1842 1177 1906 Sabinae
1198 1843 1415 1925 presbyterum
1432 1841 1625 1905 cardinalem

420 1955 611 2037 nominavit,
640 1975 739 2036 eoque
759 1956 909 2039 deinceps
938 1961 971 2018 ut
993 1957 1059 2019 viro
1082 1955 1235 2019 industrio
1257 1975 1294 2019 ac
1313 1955 1471 2038 intrepido
1492 1954 1534 2018 ad
1554 1975 1624 2037 gra-

421 2068 511 2132 viora
542 2068 695 2132 eeclesiae
730 2069 858 2151 negotia
891 2085 965 2133 usus
1004 2075 1059 2132 est.
1122 2068 1242 2131 Mortuo
1279 2076 1390 2151 postea
1424 2087 1506 2131 anno
1538 2069 1624 2131 12511.

421 2180 582 2264 Friderieo
604 2184 644 2246 ll.
666 2183 853 2265 imperatore
875 2184 965 2264 Hugo
995 2202 1078 2245 anno
1101 2181 1243 2262 sequenti
1268 2183 1313 2244 111.
1336 2181 1435 2264 April.
1460 2201 1530 2245 cum
1550 2181 1624 2246 Gui-

421 2295 513 2360 lelmo
531 2294 688 2360 Hollando
705 2297 828 2379 legatus
845 2297 878 2361 in
895 2297 1097 2360 Germaniam
1117 2295 1230 2358 missus
1252 2301 1309 2376 est,
1332 2301 1366 2358 ut
1386 2295 1539 2359 ecclesiae
1556 2295 1626 2359 iura

421 2409 455 2472 in
477 2409 540 2474 illis
561 2410 742 2492 regionibus
763 2417 907 2491 tueretur,
929 2410 1012 2492 quod
1032 2429 1147 2492 magno
1165 2409 1319 2473 asnimoet
1333 2409 1490 2493 intrepido
1508 2408 1625 2490 ubique

421 2522 572 2606 implevit.
614 2524 795 2589 Alexandro
817 2525 887 2604 IV.,
916 2523 1090 2588 innocentii
1113 2523 1302 2604 successori,
1323 2543 1386 2587 non
1409 2523 1512 2586 minus
1534 2542 1625 2586 carus

421 2637 480 2702 fuit
500 2642 531 2703 et
554 2644 711 2721 acceptus.
753 2640 871 2703 Romae
894 2645 1032 2703 mortuus
1054 2638 1084 2702 d.
1103 2641 1145 2702 19.
1158 2638 1265 2702 Μ11111
1285 2639 1367 2701 1262.
1380 2637 1466 2720 (styli
1486 2637 1625 2718 1111111),

421 2751 529 2832 ibique
550 2751 690 2835 sepultus
714 2759 780 2832 est,
802 2760 913 2837 postea
933 2755 1000 2818 eius
1021 2772 1133 2836 corpus
1155 2773 1194 2817 ex
1217 2752 1313 2834 priori
1335 2753 1478 2835 sepulcro
1499 2749 1624 2833 Lugdu-

422 2884 496 2928 num
515 2866 699 2930 translatum
721 2873 777 2932 est.

502 2977 608 3062 Opera
627 2981 695 3044 eius
714 2987 800 3045 sunt:
826 2985 849 3044 1.
862 2982 960 3047 Sacra
975 2980 1081 3045 Biblia
1102 2980 1264 3062 recognita
1284 2985 1315 3043 et
1332 2979 1508 3059 emendata,
1530 2979 1625 3043 idest

422 3114 442 3156 a
462 3093 648 3176 scriptorum
668 3095 755 3159 vitiis
776 3103 952 3178 expurgata
972 3095 1090 3159 additis
1111 3094 1153 3157 ad
1173 3093 1347 3175 marginem
1367 3093 1465 3157 variis
1487 3093 1626 3158 lectioni-

422 3207 480 3272 bus
506 3206 649 3271 eodicum
676 3208 741 3275 MS.
763 3209 991 3288 Hebraeorum,
1020 3209 1210 3273 Graecorum
1230 3213 1261 3270 11
1283 3212 1423 3270 veterum
1444 3206 1626 3270 Latinorum

422 3319 565 3384 codicum
589 3327 693 3386 aetate
715 3323 819 3386 Caroli
840 3324 949 3413 Magni
978 3323 1171 3405 scriptorum.
1214 3321 1308 3401 (Huic
1335 3321 1421 3402 operi
1450 3319 1626 3384 desudabat

422 3435 747 3515 111111111111236.)
769 3437 972 3501 2811111111
980 3435 1151 3500 Bibliorum
1165 3433 1422 3498 Concordantiae.
1441 3434 1626 3498 1111111111

421 3549 455 3611 in
471 3548 620 3612 universa
633 3549 738 3614 Biblia
752 3550 839 3613 iuxta
851 3550 1087 3633 quadruplicem
1101 3569 1227 3614 sensum
1240 3548 1402 3627 literalem,
1416 3548 1626 3630 allegoricum,

423 3662 587 3744 moralem,
623 3664 840 3746 anagogicum.
902 3665 1068 3728 Praeterea
1097 3662 1206 3727 decem
1232 3662 1297 3724 alia
1324 3681 1420 3745 opera
1449 3661 1626 3739 aQuetifio

425 3775 579 3840 recensita
601 3777 735 3860 scripsit,
1456 3779 1458 3784 ’

506 3887 557 3951 Ad
585 3890 758 3962 Bibliorum
786 3890 1034 3955 Concordantias
1062 3890 1270 3954 inveniendas
1298 3896 1392 3970 atque
1418 3889 1627 3953 elaborandas

424 4022 535 4066 ansam
556 4003 585 4066 ei
607 4003 760 4067 dederunt
779 4004 937 4068 Postillae.
981 4005 1058 4068 Cum
1079 4004 1162 4067 enim
1182 4003 1288 4066 Biblia
1310 4003 1375 4067 suis
1396 4004 1627 4067 commentariis

424 4136 479 4180 seu
499 4117 634 4199 postillis
648 4116 822 4182 dilucidare
838 4116 1070 4200 aggrederetur,
1093 4117 1176 4181 clare
1195 4115 1286 4197 vidit,
1308 4136 1401 4198 quam
1421 4121 1504 4179 esset
1521 4136 1626 4180 neces-

425 4230 555 4312 sarium,
584 4250 693 4295 omnes
722 4231 821 4313 locos,
849 4233 881 4293 in
902 4231 1016 4313 quibus
1037 4230 1148 4294 eadem
1169 4251 1231 4295 vox
1254 4231 1399 4311 iteratur,
1428 4230 1459 4292 in
1482 4236 1627 4313 promptu

426 4345 557 4426 habere,
586 4349 620 4408 ut
640 4345 680 4408 iis
701 4345 839 4427 collatis,
867 4346 937 4426 quis
958 4365 1082 4426 quoque
1104 4345 1171 4409 loco
1193 4344 1351 4426 legitimus
1371 4349 1453 4407 esset
1472 4343 1556 4408 idem
1575 4344 1625 4408 vel

425 4458 507 4523 alius
529 4477 647 4541 sensus,
668 4459 822 4542 perpendi
843 4465 959 4543 posset.
1000 4457 1037 4522 Id
1058 4478 1132 4522 vero
1153 4458 1348 4542 perspiciens
1358 4477 1519 4539 nunquam
1542 4476 1622 4522 asse-
