3728 5726
695 524 976 578 Puonueouuus.
1348 521 1437 572 LXXI

251 688 329 753 esse,
343 670 425 754 quod
437 691 458 736 a
471 671 659 754 quibusdam
673 690 713 734 ex
719 670 797 735 Rob.
805 670 959 754 Stephani
973 669 1122 734 mandato
1137 669 1267 750 eiusque
1274 667 1450 751 sumptibus

251 785 433 850 recensitum
454 791 640 868 auctumque
662 785 712 868 sit,
735 786 788 868 qui
810 787 905 851 etiam
927 786 1043 868 ubique
1064 783 1178 868 capitis
1197 801 1326 848 numero
1344 801 1448 846 nume-

250 918 318 963 mm
339 899 482 964 versiculi
503 898 735 984 adscripserint,
758 920 819 982 quo
838 901 924 964 locus
946 899 1061 964 allatus
1080 898 1113 963 in
1128 916 1217 968 sacro
1233 894 1350 961 Codice
1361 894 1449 960 facil-

247 1011 321 1077 lime
342 1012 541 1078 inveniretur.

287 1127 318 1206 8)
335 1125 425 1192 Hune
446 1127 587 1192 laborem
606 1128 711 1212 operis
728 1127 906 1193 Betuleiani
919 1125 1097 1211 corrzpleadz'
1115 1147 1178 1191 non
1193 1126 1235 1191 ab
1254 1126 1324 1210 ipso
1345 1127 1448 1190 Hen-

246 1241 328 1306 rieo
350 1241 550 1325 Stephano
572 1262 641 1308 esse
655 1247 851 1332 susceptum,
871 1242 1006 1325 primum
1024 1261 1064 1306 ex
1086 1261 1123 1305 ec
1138 1240 1261 1323 colligo,
1280 1239 1364 1322 quod
1378 1240 1448 1324 ipse

245 1353 279 1417 in
301 1355 495 1439 praefatione
516 1375 574 1421 sna
593 1357 653 1422 hoc
672 1377 736 1421 non
757 1357 841 1422 clarc
861 1355 1020 1438 indicat‚¹
1047 1355 1104 1420 sed
1131 1354 1172 1418 de
1192 1355 1252 1419 hoc
1271 1353 1351 1419 libro
1373 1355 1447 1419 scri-

244 1469 292 1533 bit
313 1475 460 1552 tanquam
482 1470 522 1536 de
543 1491 637 1554 opere
660 1491 680 1535 a
699 1476 789 1554 patre
810 1471 872 1536 sibi
893 1469 1058 1551 derelicto,
1086 1468 1170 1551 quod
1197 1469 1298 1552 ipsius
1321 1467 1447 1532 nomine

244 1582 333 1666 edat;
360 1583 473 1650 deinde
499 1584 542 1648 ad
568 1585 651 1650 hanc
678 1585 866 1650 sententiam
888 1603 940 1648 me
967 1587 1164 1648 commovent
1192 1587 1377 1665 argumenta
1405 1582 1446 1646 ab

243 1699 374 1765 Erasmc
395 1699 555 1766 Schmidio
575 1702 738 1785 proposita
766 1703 810 1782 (ct
838 1698 920 1764 infra
947 1699 1130 1782 afferenda),
1158 1719 1271 1784 nempe
1300 1699 1446 1784 permulti

243 1813 412 1896 magnique
431 1835 549 1880 errores
572 1816 605 1879 in
625 1816 685 1880 hoc
707 1835 802 1899 opere
822 1815 918 1897 obvii,
940 1815 974 1878 in
995 1833 1073 1896 quos
1099 1813 1149 1877 vir
1170 1813 1224 1879 ille
1245 1813 1446 1879 doctissimus

242 1926 348 1991 induci
370 1929 432 1994 no'n
454 1929 615 2012 potuisset.

320 2040 388 2107 Hoc
417 2062 495 2125 opus
524 2062 553 2106 a.
583 2045 668 2137 1594.
711 2042 843 2108 Parisiis
870 2041 988 2126 prodiit
1021 2041 1123 2106 torma
1156 2041 1296 2106 maxima
1325 2042 1371 2107 sie
1398 2042 1444 2106 in-

241 2155 406 2237 scriptum:

359 2287 609 2353 concordantiae
627 2289 631 2370 l
649 2288 845 2376 Testamenti
866 2287 966 2368 Novi,
985 2291 988 2368 Ι
1007 2287 1256 2353 Graecolatinae.

438 2401 530 2466 Nunc
558 2402 693 2484 primum
712 2402 827 2486 plenae
846 2402 965 2467 editae:
996 2406 1028 2467 et
1048 2401 1102 2465 din
1122 2401 1199 2477 mul-
1218 2403 1222 2481 l
1241 2405 1368 2483 tumque
1390 2401 1443 2466 de·-

438 2514 611 2597 sideratac,
641 2521 675 2580 vt
707 2515 845 2601 optimae
873 2515 968 2580 duces
988 2516 992 2597 l
1009 2515 1050 2579 ad
1078 2535 1186 2580 veram
1213 2535 1327 2580 vocum
1358 2515 1443 2581 illius

439 2628 667 2712 interpretatio·
685 2631 691 2711 Ι
708 2649 781 2696 nem
801 2629 932 2695 futurae.

358 2761 400 2822 Ia
421 2759 472 2823 Itis
492 2759 571 2845 qaid
585 2761 775 2844 praestitam
796 2761 855 2839 sc't,
871 2764 1022 2845 praefica
1042 2763 1087 2824 ad
1107 2760 1249 2824 lectorem
1269 2762 1273 2843 l
1290 2759 1422 2846 epistola

794 2876 890 2939 docet.

368 2989 487 3074 (Infra
512 2989 589 3052 haee
612 2989 701 3053 tr'tule
723 2991 943 3073 interpositum
964 3002 1011 3053 est
1030 2991 1131 3052 Hear.
1154 2989 1311 3075 Stephani

656 3102 850 3189 typoyraphc‘
864 3105 1021 3190 Insz'qee.)

435 3218 484 3282 Ex
498 3217 733 3301 Typographeo
746 3217 840 3282 Henr.
855 3216 1017 3302 Stephani.
1038 3219 1042 3297 l
1060 3221 1154 3280 Anco
1173 3218 1217 3280 M.
1233 3219 1275 3281 D.
1285 3217 1440 3282 ΧΟΙΙΙΙ.

313 3333 382 3397 Hoc
403 3351 498 3416 opus,
525 3330 611 3413 quod
629 3351 669 3396 ex
695 3331 894 3396 Bibliotheca
914 3317 1060 3396 Mariana
1080 3332 1212 3397 Halensi
1241 3332 1274 3397 in
1295 3333 1441 3397 manibus

196 3483 198 3487 ·
234 3447 353 3529 habeo,
387 3446 527 3511 continet
558 3447 613 3508 137
648 3445 809 3528 plagulas,
841 3465 972 3527 quarum
999 3444 1081 3510 duae
1110 3447 1230 3529 priores
1257 3450 1333 3510 nota
1361 3448 1387 3527 (.
1402 3447 1429 3527 .)

233 3567 357 3626 ceterae
384 3561 498 3626 litteris
526 3560 643 3641 A-z,
671 3560 850 3641 AA-YY,
879 3579 1010 3641 quarum
1040 3579 1184 3642 quaeque
1210 3566 1274 3626 tres
1294 3561 1440 3645 plagulas

233 3678 265 3755 (6
285 3675 374 3754 lolia)
403 3674 635 3759 complectitur,
668 3674 813 3757 signatae
845 3680 927 3738 sunt.
979 3674 1051 3738 Duo
1079 3674 1182 3758 prima
1213 3675 1291 3739 solia
1317 3676 1441 3741 titulum

278 3893 354 3970 'idn'
370 3915 448 3953 unus
468 3895 568 3966 locus,
598 3897 649 3974 qni
671 3917 762 3972 prope
783 3900 872 3955 finem
893 3899 1087 3974 praefationis
1108 3901 1238 3973 legitur,
1265 3902 1441 3961 sententiam

232 4016 327 4054 meam
340 4015 428 4071 supra
439 3996 618 4072 propositam
639 3997 767 4068 refellat,
786 3998 906 4056 lectoris
926 3999 1036 4058 indicio
1055 4002 1201 4076 permitto.
1237 4001 1337 4060 Verba
1350 4000 1439 4058 huius

231 4092 287 4151 loci
302 4098 387 4150 snut:
410 4096 470 4162 „At
490 4094 537 4152 hic
558 4094 686 4166 interim,
709 4096 840 4154 locorum
861 4094 893 4153 in
914 4098 1021 4174 quibus
1044 4099 1146 4156 eedem
1164 4120 1219 4158 vox
1231 4100 1348 4172 legitur,
1370 4099 1439 4156 fide-

232 4188 269 4246 lis
297 4189 430 4247 recensio
460 4189 514 4247 tibi
536 4191 630 4248 datur.
679 4193 719 4250 Ut
747 4195 846 4249 antem
868 4210 921 4250 nos
945 4199 1005 4251 tam
1025 4195 1153 4252 fideliter
1180 4216 1249 4268 erga
1276 4199 1306 4252 te
1335 4213 1438 4268 gerere

231 4304 401 4359 possemus,
430 4288 479 4361 (de
501 4306 547 4345 me
565 4287 644 4344 enim
664 4308 722 4346 non
742 4287 839 4346 minus
863 4309 951 4366 quam
972 4292 1008 4348 de
1029 4295 1114 4365 patre
1134 4293 1181 4349 hle
1202 4292 1321 4368 loquor)
1345 4310 1436 4348 unum

230 4379 371 4458 idemque
388 4382 527 4441 orationis
550 4403 603 4441 seu
626 4386 786 4442 membrum
808 4403 860 4440 seu
873 4383 1000 4443 incisum
1020 4387 1246 4445 exscribendum
1267 4388 1353 4446 toties
1373 4388 1437 4446 fere

230 4477 289 4536 fnit
309 4483 381 4556 quot
397 4479 428 4538 in
450 4501 485 4541 eo
506 4502 591 4545 voees
616 4487 726 4542 erant.“
