3738 5720
423 584 564 638 XXXVIII
884 586 1163 640 Puouuscluuun.

466 733 511 793 ll.
531 729 734 816 Corrrpuuitur

575 846 653 911 Cum
674 847 838 928 Praept'mls
859 849 1013 913 subiunct.
1037 852 1055 910 4
1075 849 1152 914 locis
1170 848 1273 932 simpl.
1295 847 1376 929 sign.

673 959 850 1050 ,Perticalis
870 962 1065 1046 Sperabit,
1089 963 1144 1028 ubi
1165 964 1263 1028 lector
1284 962 1324 1027 de
1347 967 1480 1044 quatuor
1499 979 1622 1042 compo-

1093 1070 1623 1150 sitisadalioslocosremittitur,ad

1094 1193 1237 1275 quintum
1256 1193 1363 1257 ilocus
1377 1189 1479 1275 simpl.
1487 1188 1623 1254 additur.

674 1305 807 1369 Litteris
825 1305 1035 1392 Parapopc'ca'a
1056 1307 1175 1372 additis
1197 1309 1215 1370 3
1237 1307 1316 1373 loeis
1336 1305 1438 1390 simpl.
1460 1303 1603 1387 signatis.

506 1419 555 1482 Ex
583 1418 643 1484 hoc
671 1420 815 1504 exemplo
839 1421 917 1486 satis
943 1421 1145 1504 intelligitur,
1180 1403 1331 1489 Noldium
1357 1420 1625 1508 nou-explicasse

425 1532 648 1616 particularum
670 1538 823 1614 naturam,
844 1554 884 1599 ex
905 1555 968 1617 qua
990 1536 1091 1600 omnis
1107 1542 1193 1600 certa
1206 1534 1436 1619 interpretandi
1451 1534 1531 1598 ra'tio
1547 1531 1624 1609 fluit,
1729 1579 1733 1587 .

425 1646 482 1712 sed
504 1652 625 1712 tantum
646 1667 794 1713 sensuum
805 1652 1000 1731 varietatem,
1018 1650 1172 1715 incertam
1185 1669 1263 1716 saue
1278 1656 1372 1733 atque
1389 1649 1626 1729 inconstantem,

426 1761 524 1826 denso
545 1761 672 1844 agmine
693 1761 832 1846 undique
852 1764 1009 1847 coegisse:
1039 1764 1181 1848 adeoque
1205 1785 1268 1830 non
1288 1762 1504 1848 lexicographi
1520 1761 1628 1827 munia

426 1876 617 1960 implevisse,
638 1875 695 1941 sed
717 1877 918 1962 Interpretem
935 1884 1057 1943 tantum
1078 1879 1191 1961 egisse,
1214 1880 1267 1962 qui
1289 1865 1409 1943 dullum
1429 1876 1516 1943 aliud
1533 1877 1626 1941 inter-

426 1989 595 2074 pretationi
618 2009 694 2056 suaa
714 1990 823 2056 iecerit
843 1991 1080 2058 fundamentum
1097 2013 1192 2077 quam
1213 1994 1314 2058 solum
1330 1997 1509 2058 contextum
1526 1991 1627 2058 diver-

427 2090 556 2188 samque
577 2105 827 2189 propositionum
848 2127 886 2171 ae
908 2128 1017 2172 vocum
1042 2108 1242 2190 relationem,
1270 2128 1333 2172 non
1355 2106 1535 2172 evidentem
1561 2106 1627 2188 qui-

427 2219 500 2285 dem
522 2240 561 2284 ac
581 2221 807 2302 necessariam,
834 2221 891 2287 sed
919 2242 974 2286 suo
997 2242 1094 2307 saepe
1116 2222 1247 2287 arbitrio
1275 2228 1397 2287 tantum
1418 2221 1629 2286 constitutam.

427 2335 509 2402 Hinc
533 2340 579 2400 tot
600 2336 692 2401 unius
714 2336 888 2419 particulae
909 2335 1157 2417 significationes
1178 2343 1291 2402 enatae
1313 2343 1400 2418 sunt,
1427 2355 1546 2418 eaeque
1566 2354 1629 2399 non

428 2448 520 2514 modo
544 2469 564 2512 a
584 2469 618 2514 sa
639 2449 828 2532 quandoque
848 2449 1083 2530 diversissimae
1106 2457 1138 2514 et
1158 2451 1243 2515 nullo
1263 2470 1390 2534 prorsus
1411 2448 1536 2515 viuculo
1559 2469 1629 2513 con-

426 2563 568 2645 iunctae,
596 2563 653 2628 sed
681 2565 777 2628 etiam
798 2564 859 2629 sibi
880 2565 1061 2648 oppositae,
1083 2571 1130 2630 tot
1150 2586 1261 2632 vocum
1282 2565 1368 2636 nihil,
1384 2563 1629 2646 significantium

428 2682 459 2742 et
487 2683 608 2742 tantum
636 2698 698 2742 non
728 2679 1007 2762 expungendarum
1035 2679 1280 2760 redundantiae,
1313 2685 1359 2745 tot
1385 2678 1525 2744 vicissim
1547 2677 1631 2742 def-

428 2797 513 2874 ctus,
534 2792 643 2874 quales
665 2792 723 2857 sub
745 2793 879 2876 singulis
900 2794 997 2859 l'erme
1019 2795 1182 2878 particulis
1202 2795 1350 2859 notavit¹

507 2906 653 2989 Denique
686 2907 869 2991 speciminis
897 2909 966 2973 loco
1000 2909 1135 2994 primam
1169 2910 1356 2994 particulam
1389 2929 1429 2974 ex
1462 2909 1522 2974 hoc
1549 2909 1630 2973 libro
1682 2909 1686 2919 '

429 3020 542 3086 affero:

965 3157 978 3196 ἵ
995 3143 1008 3216 l
1023 3158 1050 3219 2
1065 3160 1094 3250 t}

472 3249 498 3310 l.
513 3247 604 3310 Heu:
628 3246 739 3311 Eheu!
1098 3313 1100 3317 Α

528 3361 618 3426 va.
639 3362 687 3423 23.
710 3362 756 3424 29.
773 3350 865 3459 aas
894 3341 970 3461 ³2¹2
996 3354 1057 3429 *is
1088 3344 1160 3461 *DJ
1186 3367 1244 3436 Oui
1265 3388 1341 3450 vae,
1363 3367 1413 3432 cui
1431 3369 1475 3448 (1)
1499 3364 1595 3429 elea!

786 3599 814 3660 5.
836 3597 916 3662 Ich.
941 3598 1086 3665 Gottfr.
1109 3601 1282 3685 Tympii

509 3729 586 3794 Ioh.
617 3729 762 3795 Gottt'r.
790 3733 939 3817 Tympe
969 3738 1009 3814 (a.
1036 3738 1121 3800 1699.
1150 3740 1199 3801 26.
1220 3737 1288 3804 Oct.
1320 3736 1466 3801 Bidrizae
1496 3737 1529 3801 iu
1557 3757 1634 3820 agro

430 3841 695 3927 Magdeburgcnsi
718 3851 826 3929 natus,
848 3851 977 3913 a.1728.
1018 3837 1202 3916 Adiunctus¹
1216 3852 1329 3937 philos.
1350 3852 1471 3917 Facult.
1491 3853 1635 3916 lenensis

434 3959 635 4042 designatus,
658 3979 687 4022 a.
702 3962 787 4024 1734.
811 3962 929 4028 ibidem
949 3965 1111 4031 Professor
1131 3986 1290 4032 sacrarum
1310 3967 1535 4051 antiquitatum
1556 3986 1633 4030 num

431 4079 580 4158 cupatus,
608 4092 636 4137 a.
662 4077 747 4139 1737.
776 4077 857 4142 Prol'.
885 4078 1063 4161 linguarum
1084 4080 1245 4170 oriental,
1273 4082 1532 4146 a.1761.etiam
1552 4080 1634 4146 Prot'.

476 4323 483 4354 ¹
507 4315 556 4376 sie
575 4315 851 4391 reeteTympius
872 4317 903 4375 in
924 4305 1108 4394 praelatione
1128 4320 1269 4380 editionis
1291 4340 1362 4378 suae
1383 4319 1462 4377 illico
1484 4321 1637 4378 recensen-

433 4402 488 4483 dae
509 4427 546 4485 de
569 4447 605 4486 co
624 4416 735 4483 iudicat
757 4417 856 4476 addito
878 4417 1090 4475 Locseheri
1111 4417 1237 4491 iudicio,
1259 4419 1385 4496 quodie
1409 4418 1472 4475 aius
1494 4437 1637 4476 commcn-

432 4521 544 4582 tatione
565 4520 718 4584 decausis
740 4519 872 4578 Ebraeae
895 4513 1014 4588 linguae
1035 4514 1154 4589 legitur.
