<?xml version="1.0" encoding="UTF-8"?>
<!DOCTYPE html PUBLIC "-//W3C//DTD XHTML 1.0 Transitional//EN"
    "http://www.w3.org/TR/xhtml1/DTD/xhtml1-transitional.dtd">
<html xmlns="http://www.w3.org/1999/xhtml" xml:lang="en" lang="en">
 <head>
  <title>
</title>
<meta http-equiv="Content-Type" content="text/html;charset=utf-8" />
  <meta name='ocr-system' content='tesseract 3.04.00' />
  <meta name='ocr-capabilities' content='ocr_page ocr_carea ocr_par ocr_line ocrx_word'/>
</head>
<body>
  <div class='ocr_page' id='page_1' title='image "./concordantiarum00bindgoog_0059.png"; bbox 0 0 3728 5726; ppageno 0'>
   <div class='ocr_carea' id='block_1_1' title="bbox 405 561 1145 614">
    <p class='ocr_par' dir='ltr' id='par_1_1' title="bbox 405 561 1145 614">
     <span class='ocr_line' id='line_1_1' title="bbox 405 561 1145 614; baseline 0 -2"><span class='ocrx_word' id='word_1_1' title='bbox 405 561 494 614; x_wconf 82' lang='lat' dir='ltr'><strong>XLIV</strong></span> <span class='ocrx_word' id='word_1_2' title='bbox 865 561 1145 614; x_wconf 79' lang='lat' dir='ltr'>PROLEGOMENA.</span> 
     </span>
    </p>
   </div>
   <div class='ocr_carea' id='block_1_2' title="bbox 406 707 1679 4577">
    <p class='ocr_par' dir='ltr' id='par_1_2' title="bbox 406 707 1610 1002">
     <span class='ocr_line' id='line_1_2' title="bbox 487 707 1607 793; baseline 0.003 -21"><span class='ocrx_word' id='word_1_3' title='bbox 487 709 554 773; x_wconf 91' lang='lat' dir='ltr'>Hoc</span> <span class='ocrx_word' id='word_1_4' title='bbox 583 728 663 793; x_wconf 90' lang='lat' dir='ltr'>opus</span> <span class='ocrx_word' id='word_1_5' title='bbox 693 707 811 792; x_wconf 81' lang='lat' dir='ltr'>duplici</span> <span class='ocrx_word' id='word_1_6' title='bbox 837 709 927 772; x_wconf 89' lang='lat' dir='ltr'>titulo</span> <span class='ocrx_word' id='word_1_7' title='bbox 954 715 1002 772; x_wconf 88' lang='lat' dir='ltr'>est</span> <span class='ocrx_word' id='word_1_8' title='bbox 1032 708 1232 792; x_wconf 88' lang='lat' dir='ltr'>instructum,</span> <span class='ocrx_word' id='word_1_9' title='bbox 1269 709 1368 773; x_wconf 86' lang='lat' dir='ltr'>latino</span> <span class='ocrx_word' id='word_1_10' title='bbox 1392 715 1423 774; x_wconf 91' lang='lat' dir='ltr'>et</span> <span class='ocrx_word' id='word_1_11' title='bbox 1449 709 1607 792; x_wconf 89' lang='lat' dir='ltr'>hebraico,</span> 
     </span>
     <span class='ocr_line' id='line_1_3' title="bbox 406 821 1610 908; baseline 0.002 -23"><span class='ocrx_word' id='word_1_12' title='bbox 406 842 536 904; x_wconf 85' lang='lat' dir='ltr'>quorum</span> <span class='ocrx_word' id='word_1_13' title='bbox 556 821 611 886; x_wconf 92' lang='lat' dir='ltr'>ille</span> <span class='ocrx_word' id='word_1_14' title='bbox 631 822 781 906; x_wconf 82' lang='lat' dir='ltr'>paginam</span> <span class='ocrx_word' id='word_1_15' title='bbox 804 821 950 886; x_wconf 87' lang='lat' dir='ltr'>adextra</span> <span class='ocrx_word' id='word_1_16' title='bbox 963 822 1109 906; x_wconf 84' lang='lat' dir='ltr'>positam,</span> <span class='ocrx_word' id='word_1_17' title='bbox 1130 823 1182 889; x_wconf 89' lang='lat' dir='ltr'>hio</span> <span class='ocrx_word' id='word_1_18' title='bbox 1195 823 1355 888; x_wconf 86' lang='lat' dir='ltr'>sinistram</span> <span class='ocrx_word' id='word_1_19' title='bbox 1371 823 1485 908; x_wconf 86' lang='lat' dir='ltr'>explet.</span> <span class='ocrx_word' id='word_1_20' title='bbox 1522 823 1610 888; x_wconf 87' lang='lat' dir='ltr'>Haeo</span> 
     </span>
     <span class='ocr_line' id='line_1_4' title="bbox 407 936 724 1002; baseline -0.003 -1"><span class='ocrx_word' id='word_1_21' title='bbox 407 941 479 1001; x_wconf 88' lang='lat' dir='ltr'>sunt</span> <span class='ocrx_word' id='word_1_22' title='bbox 499 936 598 1002; x_wconf 90' lang='lat' dir='ltr'>verba</span> <span class='ocrx_word' id='word_1_23' title='bbox 617 936 724 1001; x_wconf 92' lang='lat' dir='ltr'>latini:</span> 
     </span>
    </p>

    <p class='ocr_par' dir='ltr' id='par_1_3' title="bbox 528 1049 1679 3662">
     <span class='ocr_line' id='line_1_5' title="bbox 528 1049 1608 1135; baseline 0.002 -21"><span class='ocrx_word' id='word_1_24' title='bbox 528 1049 736 1116; x_wconf 91' lang='lat' dir='ltr'>Librorum</span> <span class='ocrx_word' id='word_1_25' title='bbox 761 1054 970 1118; x_wconf 78' lang='lat' dir='ltr'><strong>Sacrorum</strong></span> <span class='ocrx_word' id='word_1_26' title='bbox 996 1054 1000 1135; x_wconf 96' lang='grc' dir='ltr'>Ι</span> <span class='ocrx_word' id='word_1_27' title='bbox 1026 1054 1189 1120; x_wconf 82' lang='lat' dir='ltr'>Veteris</span> <span class='ocrx_word' id='word_1_28' title='bbox 1218 1052 1468 1120; x_wconf 81' lang='lat' dir='ltr'>Testamenti</span> <span class='ocrx_word' id='word_1_29' title='bbox 1488 1052 1492 1134; x_wconf 95' lang='grc' dir='ltr'>Ι</span> <span class='ocrx_word' id='word_1_30' title='bbox 1511 1053 1608 1118; x_wconf 79' lang='lat' dir='ltr'>Con-</span> 
     </span>
     <span class='ocr_line' id='line_1_6' title="bbox 608 1165 1604 1252; baseline 0.002 -22"><span class='ocrx_word' id='word_1_31' title='bbox 608 1165 849 1232; x_wconf 88' lang='lat' dir='ltr'>cordantiae</span> <span class='ocrx_word' id='word_1_32' title='bbox 879 1168 883 1248; x_wconf 87' lang='grc' dir='ltr'>Ι</span> <span class='ocrx_word' id='word_1_33' title='bbox 911 1168 1141 1234; x_wconf 89' lang='lat' dir='ltr'>Hebraicae</span> <span class='ocrx_word' id='word_1_34' title='bbox 1173 1175 1293 1252; x_wconf 86' lang='lat' dir='ltr'>atque</span> <span class='ocrx_word' id='word_1_35' title='bbox 1325 1166 1576 1234; x_wconf 83' lang='lat' dir='ltr'>Chaldaicae</span> <span class='ocrx_word' id='word_1_36' title='bbox 1601 1169 1604 1248; x_wconf 95' lang='grc' dir='ltr'>Ι</span> 
     </span>
     <span class='ocr_line' id='line_1_7' title="bbox 609 1280 1609 1364; baseline 0.003 -20"><span class='ocrx_word' id='word_1_37' title='bbox 609 1281 723 1362; x_wconf 90' lang='lat' dir='ltr'>quibus</span> <span class='ocrx_word' id='word_1_38' title='bbox 747 1285 751 1360; x_wconf 94' lang='grc' dir='ltr'>Ι</span> <span class='ocrx_word' id='word_1_39' title='bbox 776 1280 818 1346; x_wconf 89' lang='lat' dir='ltr'>ad</span> <span class='ocrx_word' id='word_1_40' title='bbox 847 1282 953 1347; x_wconf 89' lang='lat' dir='ltr'>omnia</span> <span class='ocrx_word' id='word_1_41' title='bbox 973 1283 1111 1348; x_wconf 83' lang='lat' dir='ltr'>Canonis</span> <span class='ocrx_word' id='word_1_42' title='bbox 1134 1284 1223 1349; x_wconf 85' lang='lat' dir='ltr'>Sacri</span> <span class='ocrx_word' id='word_1_43' title='bbox 1252 1283 1407 1348; x_wconf 88' lang='lat' dir='ltr'>vocabula</span> <span class='ocrx_word' id='word_1_44' title='bbox 1430 1283 1434 1364; x_wconf 97' lang='grc' dir='ltr'>Ι</span> <span class='ocrx_word' id='word_1_45' title='bbox 1460 1288 1526 1348; x_wconf 91' lang='lat' dir='ltr'>tum</span> <span class='ocrx_word' id='word_1_46' title='bbox 1547 1283 1609 1347; x_wconf 92' lang='lat' dir='ltr'>He-</span> 
     </span>
     <span class='ocr_line' id='line_1_8' title="bbox 606 1395 1610 1481; baseline 0.003 -23"><span class='ocrx_word' id='word_1_47' title='bbox 606 1395 714 1460; x_wconf 86' lang='lat' dir='ltr'>braioa</span> <span class='ocrx_word' id='word_1_48' title='bbox 742 1402 807 1461; x_wconf 90' lang='lat' dir='ltr'>tum</span> <span class='ocrx_word' id='word_1_49' title='bbox 829 1396 1003 1463; x_wconf 81' lang='lat' dir='ltr'>Chaldaica</span> <span class='ocrx_word' id='word_1_50' title='bbox 1026 1399 1030 1480; x_wconf 97' lang='grc' dir='ltr'>Ι</span> <span class='ocrx_word' id='word_1_51' title='bbox 1055 1398 1116 1462; x_wconf 92' lang='lat' dir='ltr'>loci</span> <span class='ocrx_word' id='word_1_52' title='bbox 1145 1399 1178 1462; x_wconf 92' lang='lat' dir='ltr'>in</span> <span class='ocrx_word' id='word_1_53' title='bbox 1199 1399 1313 1481; x_wconf 90' lang='lat' dir='ltr'>quibus</span> <span class='ocrx_word' id='word_1_54' title='bbox 1332 1398 1528 1481; x_wconf 90' lang='lat' dir='ltr'>reperiuntur</span> <span class='ocrx_word' id='word_1_55' title='bbox 1545 1398 1550 1476; x_wconf 87' lang='grc' dir='ltr'>Ι</span> <span class='ocrx_word' id='word_1_56' title='bbox 1568 1396 1610 1461; x_wconf 93' lang='lat' dir='ltr'>ad</span> 
     </span>
     <span class='ocr_line' id='line_1_9' title="bbox 607 1511 1608 1594; baseline 0.002 -20"><span class='ocrx_word' id='word_1_57' title='bbox 607 1530 701 1575; x_wconf 94' lang='lat' dir='ltr'>unum</span> <span class='ocrx_word' id='word_1_58' title='bbox 725 1531 833 1576; x_wconf 91' lang='lat' dir='ltr'>omnes</span> <span class='ocrx_word' id='word_1_59' title='bbox 847 1516 931 1576; x_wconf 89' lang='lat' dir='ltr'>certo</span> <span class='ocrx_word' id='word_1_60' title='bbox 944 1511 1053 1577; x_wconf 83' lang='lat' dir='ltr'>ordine</span> <span class='ocrx_word' id='word_1_61' title='bbox 1067 1519 1266 1578; x_wconf 76' lang='lat' dir='ltr'>recensentur</span> <span class='ocrx_word' id='word_1_62' title='bbox 1284 1516 1288 1590; x_wconf 95' lang='grc' dir='ltr'>Ι</span> <span class='ocrx_word' id='word_1_63' title='bbox 1307 1511 1416 1576; x_wconf 90' lang='lat' dir='ltr'>addito</span> <span class='ocrx_word' id='word_1_64' title='bbox 1436 1511 1441 1594; x_wconf 92' lang='grc' dir='ltr'>Ι</span> <span class='ocrx_word' id='word_1_65' title='bbox 1457 1511 1608 1577; x_wconf 87' lang='lat' dir='ltr'>Lexico</span> 
     </span>
     <span class='ocr_line' id='line_1_10' title="bbox 606 1625 1605 1708; baseline 0.002 -20"><span class='ocrx_word' id='word_1_66' title='bbox 606 1625 786 1708; x_wconf 82' lang='lat' dir='ltr'>Linguae</span> <span class='ocrx_word' id='word_1_67' title='bbox 817 1627 965 1691; x_wconf 84' lang='lat' dir='ltr'>Sacrae</span> <span class='ocrx_word' id='word_1_68' title='bbox 1000 1627 1231 1692; x_wconf 89' lang='lat' dir='ltr'>Hebraieae</span> <span class='ocrx_word' id='word_1_69' title='bbox 1262 1633 1300 1692; x_wconf 91' lang='lat' dir='ltr'>et</span> <span class='ocrx_word' id='word_1_70' title='bbox 1329 1625 1605 1705; x_wconf 79' lang='lat' dir='ltr'>Chaldaicael</span> 
     </span>
     <span class='ocr_line' id='line_1_11' title="bbox 607 1739 1606 1824; baseline 0.001 -22"><span class='ocrx_word' id='word_1_71' title='bbox 607 1739 726 1823; x_wconf 79' lang='lat' dir='ltr'>duplici</span> <span class='ocrx_word' id='word_1_72' title='bbox 745 1745 749 1820; x_wconf 95' lang='grc' dir='ltr'>Ι</span> <span class='ocrx_word' id='word_1_73' title='bbox 767 1761 829 1805; x_wconf 90' lang='lat' dir='ltr'>uno</span> <span class='ocrx_word' id='word_1_74' title='bbox 857 1740 1134 1806; x_wconf 89' lang='lat' dir='ltr'>Neohebraice</span> <span class='ocrx_word' id='word_1_75' title='bbox 1162 1743 1260 1806; x_wconf 87' lang='lat' dir='ltr'>altero</span> <span class='ocrx_word' id='word_1_76' title='bbox 1287 1741 1435 1806; x_wconf 87' lang='lat' dir='ltr'>Latine</span> <span class='ocrx_word' id='word_1_77' title='bbox 1463 1741 1579 1824; x_wconf 90' lang='lat' dir='ltr'>scripto</span> <span class='ocrx_word' id='word_1_78' title='bbox 1603 1741 1606 1820; x_wconf 97' lang='grc' dir='ltr'>Ι</span> 
     </span>
     <span class='ocr_line' id='line_1_12' title="bbox 606 1855 1610 1939; baseline 0 -21"><span class='ocrx_word' id='word_1_79' title='bbox 606 1875 667 1936; x_wconf 91' lang='lat' dir='ltr'>quo</span> <span class='ocrx_word' id='word_1_80' title='bbox 689 1866 694 1934; x_wconf 92' lang='grc' dir='ltr'>Ι</span> <span class='ocrx_word' id='word_1_81' title='bbox 718 1855 840 1920; x_wconf 89' lang='lat' dir='ltr'>collatis</span> <span class='ocrx_word' id='word_1_82' title='bbox 869 1855 1156 1939; x_wconf 85' lang='lat' dir='ltr'>interpretamentis</span> <span class='ocrx_word' id='word_1_83' title='bbox 1181 1857 1501 1938; x_wconf 85' lang='lat' dir='ltr'>translationibusque</span> <span class='ocrx_word' id='word_1_84' title='bbox 1530 1855 1610 1918; x_wconf 90' lang='lat' dir='ltr'>anti-</span> 
     </span>
     <span class='ocr_line' id='line_1_13' title="bbox 608 1969 1612 2054; baseline 0.001 -22"><span class='ocrx_word' id='word_1_85' title='bbox 608 1969 768 2052; x_wconf 84' lang='lat' dir='ltr'>quissimis</span> <span class='ocrx_word' id='word_1_86' title='bbox 793 1975 797 2046; x_wconf 83' lang='lat' dir='ltr'>l</span> <span class='ocrx_word' id='word_1_87' title='bbox 822 1971 1044 2036; x_wconf 91' lang='lat' dir='ltr'>vocabulorum</span> <span class='ocrx_word' id='word_1_88' title='bbox 1071 1971 1208 2054; x_wconf 84' lang='lat' dir='ltr'>origines</span> <span class='ocrx_word' id='word_1_89' title='bbox 1234 1991 1272 2036; x_wconf 91' lang='lat' dir='ltr'>ac</span> <span class='ocrx_word' id='word_1_90' title='bbox 1301 1970 1420 2036; x_wconf 85' lang='lat' dir='ltr'>formae</span> <span class='ocrx_word' id='word_1_91' title='bbox 1439 1975 1443 2050; x_wconf 86' lang='grc' dir='ltr'>Ι</span> <span class='ocrx_word' id='word_1_92' title='bbox 1461 1969 1612 2035; x_wconf 90' lang='lat' dir='ltr'>historica</span> 
     </span>
     <span class='ocr_line' id='line_1_14' title="bbox 608 2084 1609 2169; baseline 0 -21"><span class='ocrx_word' id='word_1_93' title='bbox 608 2091 702 2168; x_wconf 90' lang='lat' dir='ltr'>atque</span> <span class='ocrx_word' id='word_1_94' title='bbox 720 2084 881 2168; x_wconf 89' lang='lat' dir='ltr'>analytica</span> <span class='ocrx_word' id='word_1_95' title='bbox 901 2085 1022 2150; x_wconf 90' lang='lat' dir='ltr'>ratione</span> <span class='ocrx_word' id='word_1_96' title='bbox 1040 2086 1246 2169; x_wconf 86' lang='lat' dir='ltr'>explicantur.</span> <span class='ocrx_word' id='word_1_97' title='bbox 1266 2090 1270 2164; x_wconf 95' lang='grc' dir='ltr'>Ι</span> <span class='ocrx_word' id='word_1_98' title='bbox 1288 2085 1506 2151; x_wconf 89' lang='lat' dir='ltr'>Adiectasunt</span> <span class='ocrx_word' id='word_1_99' title='bbox 1523 2087 1527 2166; x_wconf 95' lang='grc' dir='ltr'>Ι</span> <span class='ocrx_word' id='word_1_100' title='bbox 1545 2084 1609 2149; x_wconf 85' lang='grc' dir='ltr'>Νο-</span> 
     </span>
     <span class='ocr_line' id='line_1_15' title="bbox 606 2199 1609 2282; baseline -0.001 -18"><span class='ocrx_word' id='word_1_101' title='bbox 606 2200 799 2266; x_wconf 90' lang='lat' dir='ltr'>menclatura</span> <span class='ocrx_word' id='word_1_102' title='bbox 820 2201 957 2265; x_wconf 92' lang='lat' dir='ltr'>omnium</span> <span class='ocrx_word' id='word_1_103' title='bbox 979 2201 1201 2266; x_wconf 88' lang='lat' dir='ltr'>vocabulorum</span> <span class='ocrx_word' id='word_1_104' title='bbox 1212 2200 1447 2282; x_wconf 87' lang='lat' dir='ltr'>Hebraioorum‚</span> <span class='ocrx_word' id='word_1_105' title='bbox 1468 2199 1609 2282; x_wconf 90' lang='lat' dir='ltr'>adquae</span> 
     </span>
     <span class='ocr_line' id='line_1_16' title="bbox 607 2314 1608 2399; baseline -0.003 -18"><span class='ocrx_word' id='word_1_106' title='bbox 607 2317 667 2382; x_wconf 89' lang='lat' dir='ltr'>loci</span> <span class='ocrx_word' id='word_1_107' title='bbox 689 2317 870 2399; x_wconf 82' lang='lat' dir='ltr'>Scripturae</span> <span class='ocrx_word' id='word_1_108' title='bbox 893 2315 1010 2381; x_wconf 81' lang='lat' dir='ltr'>Sacrae</span> <span class='ocrx_word' id='word_1_109' title='bbox 1029 2314 1157 2379; x_wconf 89' lang='lat' dir='ltr'>adducti</span> <span class='ocrx_word' id='word_1_110' title='bbox 1179 2320 1259 2380; x_wconf 92' lang='lat' dir='ltr'>sunt.</span> <span class='ocrx_word' id='word_1_111' title='bbox 1279 2318 1284 2395; x_wconf 95' lang='grc' dir='ltr'>Ι</span> <span class='ocrx_word' id='word_1_112' title='bbox 1307 2314 1531 2382; x_wconf 89' lang='lat' dir='ltr'>Onomasticon</span> <span class='ocrx_word' id='word_1_113' title='bbox 1552 2314 1608 2380; x_wconf 80' lang='lat' dir='ltr'>Sa</span> 
     </span>
     <span class='ocr_line' id='line_1_17' title="bbox 607 2429 1609 2514; baseline -0.003 -17"><span class='ocrx_word' id='word_1_114' title='bbox 607 2453 701 2497; x_wconf 90' lang='lat' dir='ltr'>orum.</span> <span class='ocrx_word' id='word_1_115' title='bbox 720 2431 724 2512; x_wconf 99' lang='grc' dir='ltr'>Ι</span> <span class='ocrx_word' id='word_1_116' title='bbox 743 2430 891 2514; x_wconf 84' lang='lat' dir='ltr'>Syllabus</span> <span class='ocrx_word' id='word_1_117' title='bbox 912 2429 1082 2495; x_wconf 89' lang='lat' dir='ltr'>Nominum</span> <span class='ocrx_word' id='word_1_118' title='bbox 1104 2430 1265 2514; x_wconf 93' lang='lat' dir='ltr'>proprium</span> <span class='ocrx_word' id='word_1_119' title='bbox 1285 2429 1609 2495; x_wconf 88' lang='lat' dir='ltr'>Phoenicio-Punico-</span> 
     </span>
     <span class='ocr_line' id='line_1_18' title="bbox 607 2544 1608 2624; baseline -0.003 -12"><span class='ocrx_word' id='word_1_120' title='bbox 607 2567 683 2612; x_wconf 91' lang='lat' dir='ltr'>rum.</span> <span class='ocrx_word' id='word_1_121' title='bbox 725 2545 825 2610; x_wconf 85' lang='lat' dir='ltr'>Index</span> <span class='ocrx_word' id='word_1_122' title='bbox 853 2544 1077 2611; x_wconf 85' lang='lat' dir='ltr'>vocabulorum</span> <span class='ocrx_word' id='word_1_123' title='bbox 1102 2546 1187 2609; x_wconf 89' lang='lat' dir='ltr'>Ara·</span> <span class='ocrx_word' id='word_1_124' title='bbox 1205 2545 1210 2624; x_wconf 99' lang='grc' dir='ltr'>Ι</span> <span class='ocrx_word' id='word_1_125' title='bbox 1228 2545 1399 2609; x_wconf 92' lang='lat' dir='ltr'>maicorum</span> <span class='ocrx_word' id='word_1_126' title='bbox 1427 2549 1458 2609; x_wconf 92' lang='lat' dir='ltr'>et</span> <span class='ocrx_word' id='word_1_127' title='bbox 1485 2544 1608 2609; x_wconf 88' lang='lat' dir='ltr'>Neche-</span> 
     </span>
     <span class='ocr_line' id='line_1_19' title="bbox 607 2658 1609 2743; baseline -0.003 -17"><span class='ocrx_word' id='word_1_128' title='bbox 607 2661 782 2726; x_wconf 91' lang='lat' dir='ltr'>braicorum</span> <span class='ocrx_word' id='word_1_129' title='bbox 814 2659 857 2725; x_wconf 91' lang='lat' dir='ltr'>ad</span> <span class='ocrx_word' id='word_1_130' title='bbox 887 2658 1077 2743; x_wconf 86' lang='lat' dir='ltr'>explicanda</span> <span class='ocrx_word' id='word_1_131' title='bbox 1104 2660 1220 2726; x_wconf 87' lang='lat' dir='ltr'>Sacrae</span> <span class='ocrx_word' id='word_1_132' title='bbox 1244 2659 1426 2742; x_wconf 80' lang='lat' dir='ltr'>Scripturas</span> <span class='ocrx_word' id='word_1_133' title='bbox 1454 2658 1609 2724; x_wconf 90' lang='lat' dir='ltr'>vocabula</span> 
     </span>
     <span class='ocr_line' id='line_1_20' title="bbox 607 2773 1609 2859; baseline 0 -21"><span class='ocrx_word' id='word_1_134' title='bbox 607 2775 827 2840; x_wconf 88' lang='lat' dir='ltr'>adhibitorum.</span> <span class='ocrx_word' id='word_1_135' title='bbox 869 2774 1064 2859; x_wconf 74' lang='lat' dir='ltr'>Conspectus</span> <span class='ocrx_word' id='word_1_136' title='bbox 1082 2775 1086 2857; x_wconf 98' lang='grc' dir='ltr'>Ι</span> <span class='ocrx_word' id='word_1_137' title='bbox 1104 2773 1272 2838; x_wconf 83' lang='lat' dir='ltr'>formarum</span> <span class='ocrx_word' id='word_1_138' title='bbox 1289 2773 1504 2838; x_wconf 88' lang='lat' dir='ltr'>nominalium.</span> <span class='ocrx_word' id='word_1_139' title='bbox 1537 2774 1609 2838; x_wconf 92' lang='lat' dir='ltr'>Pro-</span> 
     </span>
     <span class='ocr_line' id='line_1_21' title="bbox 606 2888 1679 2976; baseline 0.001 -24"><span class='ocrx_word' id='word_1_140' title='bbox 606 2889 722 2973; x_wconf 89' lang='lat' dir='ltr'>pylaea</span> <span class='ocrx_word' id='word_1_141' title='bbox 753 2889 906 2955; x_wconf 89' lang='lat' dir='ltr'>Masorae.</span> <span class='ocrx_word' id='word_1_142' title='bbox 968 2888 1166 2953; x_wconf 88' lang='lat' dir='ltr'>Breviarium</span> <span class='ocrx_word' id='word_1_143' title='bbox 1196 2888 1347 2953; x_wconf 88' lang='lat' dir='ltr'>historiae</span> <span class='ocrx_word' id='word_1_144' title='bbox 1375 2888 1609 2956; x_wconf 83' lang='lat' dir='ltr'>Grammatioae</span> <span class='ocrx_word' id='word_1_145' title='bbox 1675 2971 1679 2976; x_wconf 21' lang='lat'>¹</span> 
     </span>
     <span class='ocr_line' id='line_1_22' title="bbox 607 3001 1606 3087; baseline -0.001 -18"><span class='ocrx_word' id='word_1_146' title='bbox 607 3005 732 3070; x_wconf 84' lang='lat' dir='ltr'>Sacrae.</span> <span class='ocrx_word' id='word_1_147' title='bbox 794 3003 941 3086; x_wconf 92' lang='lat' dir='ltr'>Denique</span> <span class='ocrx_word' id='word_1_148' title='bbox 970 3005 974 3081; x_wconf 96' lang='grc' dir='ltr'>Ι</span> <span class='ocrx_word' id='word_1_149' title='bbox 1003 3003 1128 3068; x_wconf 83' lang='lat' dir='ltr'>Tabula</span> <span class='ocrx_word' id='word_1_150' title='bbox 1157 3001 1300 3068; x_wconf 89' lang='lat' dir='ltr'>radicum</span> <span class='ocrx_word' id='word_1_151' title='bbox 1341 3003 1564 3087; x_wconf 86' lang='lat' dir='ltr'>comparativa.</span> <span class='ocrx_word' id='word_1_152' title='bbox 1603 3003 1606 3084; x_wconf 96' lang='grc' dir='ltr'>Ι</span> 
     </span>
     <span class='ocr_line' id='line_1_23' title="bbox 606 3116 1607 3201; baseline -0.001 -18"><span class='ocrx_word' id='word_1_153' title='bbox 606 3118 742 3184; x_wconf 83' lang='lat' dir='ltr'>Auctore</span> <span class='ocrx_word' id='word_1_154' title='bbox 761 3119 765 3199; x_wconf 95' lang='grc' dir='ltr'>Ι</span> <span class='ocrx_word' id='word_1_155' title='bbox 782 3119 803 3184; x_wconf 86' lang='lat' dir='ltr'>J</span> <span class='ocrx_word' id='word_1_156' title='bbox 810 3118 891 3183; x_wconf 93' lang='lat' dir='ltr'>ulio</span> <span class='ocrx_word' id='word_1_157' title='bbox 906 3117 1093 3182; x_wconf 86' lang='lat' dir='ltr'>Fuerstio</span> <span class='ocrx_word' id='word_1_158' title='bbox 1114 3118 1117 3200; x_wconf 97' lang='grc' dir='ltr'>Ι</span> <span class='ocrx_word' id='word_1_159' title='bbox 1135 3116 1357 3201; x_wconf 92' lang='lat' dir='ltr'>Philosophiae</span> <span class='ocrx_word' id='word_1_160' title='bbox 1370 3117 1516 3200; x_wconf 88' lang='lat' dir='ltr'>Doctore‚</span> <span class='ocrx_word' id='word_1_161' title='bbox 1534 3118 1607 3182; x_wconf 94' lang='lat' dir='ltr'>Lin-</span> 
     </span>
     <span class='ocr_line' id='line_1_24' title="bbox 607 3231 1608 3317; baseline -0.002 -19"><span class='ocrx_word' id='word_1_162' title='bbox 607 3253 689 3317; x_wconf 88' lang='lat' dir='ltr'>guae</span> <span class='ocrx_word' id='word_1_163' title='bbox 715 3232 918 3313; x_wconf 88' lang='lat' dir='ltr'>Ararnaicae,</span> <span class='ocrx_word' id='word_1_164' title='bbox 949 3231 1170 3313; x_wconf 84' lang='lat' dir='ltr'>Talmudicae,</span> <span class='ocrx_word' id='word_1_165' title='bbox 1206 3231 1403 3297; x_wconf 86' lang='lat' dir='ltr'>Rabbinioae</span> <span class='ocrx_word' id='word_1_166' title='bbox 1424 3232 1553 3297; x_wconf 91' lang='lat' dir='ltr'>Publico</span> <span class='ocrx_word' id='word_1_167' title='bbox 1574 3233 1608 3296; x_wconf 91' lang='lat' dir='ltr'>in</span> 
     </span>
     <span class='ocr_line' id='line_1_25' title="bbox 604 3346 1605 3431; baseline -0.003 -18"><span class='ocrx_word' id='word_1_168' title='bbox 604 3348 779 3413; x_wconf 84' lang='lat' dir='ltr'>Academia</span> <span class='ocrx_word' id='word_1_169' title='bbox 807 3348 811 3429; x_wconf 96' lang='grc' dir='ltr'>Ι</span> <span class='ocrx_word' id='word_1_170' title='bbox 840 3347 999 3430; x_wconf 91' lang='lat' dir='ltr'>Lipsiensi</span> <span class='ocrx_word' id='word_1_171' title='bbox 1028 3346 1189 3430; x_wconf 88' lang='lat' dir='ltr'>Magistro.</span> <span class='ocrx_word' id='word_1_172' title='bbox 1217 3348 1221 3426; x_wconf 95' lang='grc' dir='ltr'>Ι</span> <span class='ocrx_word' id='word_1_173' title='bbox 1250 3346 1358 3412; x_wconf 83' lang='lat' dir='ltr'>Editio</span> <span class='ocrx_word' id='word_1_174' title='bbox 1390 3352 1578 3431; x_wconf 86' lang='lat' dir='ltr'>stereotypa.</span> <span class='ocrx_word' id='word_1_175' title='bbox 1602 3349 1605 3428; x_wconf 98' lang='grc' dir='ltr'>Ι</span> 
     </span>
     <span class='ocr_line' id='line_1_26' title="bbox 605 3461 1609 3546; baseline -0.001 -18"><span class='ocrx_word' id='word_1_176' title='bbox 605 3462 771 3546; x_wconf 89' lang='lat' dir='ltr'>Lipsiae</span> <span class='ocrx_word' id='word_1_177' title='bbox 790 3469 793 3537; x_wconf 93' lang='grc' dir='ltr'>Ι</span> <span class='ocrx_word' id='word_1_178' title='bbox 812 3461 966 3527; x_wconf 91' lang='lat' dir='ltr'>sumtibus</span> <span class='ocrx_word' id='word_1_179' title='bbox 992 3466 1023 3526; x_wconf 93' lang='lat' dir='ltr'>et</span> <span class='ocrx_word' id='word_1_180' title='bbox 1050 3462 1136 3546; x_wconf 91' lang='lat' dir='ltr'>typis</span> <span class='ocrx_word' id='word_1_181' title='bbox 1157 3461 1261 3527; x_wconf 80' lang='lat' dir='ltr'>Caroli</span> <span class='ocrx_word' id='word_1_182' title='bbox 1282 3461 1476 3526; x_wconf 84' lang='lat' dir='ltr'>Tauchnitii.</span> <span class='ocrx_word' id='word_1_183' title='bbox 1495 3464 1499 3540; x_wconf 95' lang='grc' dir='ltr'>Ι</span> <span class='ocrx_word' id='word_1_184' title='bbox 1516 3462 1609 3528; x_wconf 91' lang='lat' dir='ltr'>Anno</span> 
     </span>
     <span class='ocr_line' id='line_1_27' title="bbox 606 3575 1364 3662; baseline -0.005 -19"><span class='ocrx_word' id='word_1_185' title='bbox 606 3579 684 3643; x_wconf 90' lang='lat' dir='ltr'>artis</span> <span class='ocrx_word' id='word_1_186' title='bbox 704 3575 953 3662; x_wconf 87' lang='lat' dir='ltr'>typographicae</span> <span class='ocrx_word' id='word_1_187' title='bbox 971 3576 1105 3641; x_wconf 89' lang='lat' dir='ltr'>seculari</span> <span class='ocrx_word' id='word_1_188' title='bbox 1124 3582 1257 3657; x_wconf 82' lang='lat' dir='ltr'>quarto!</span> <span class='ocrx_word' id='word_1_189' title='bbox 1278 3577 1364 3639; x_wconf 83' lang='grc'><strong>1840.</strong></span> 
     </span>
    </p>

    <p class='ocr_par' dir='ltr' id='par_1_4' title="bbox 406 3690 1612 4236">
     <span class='ocr_line' id='line_1_28' title="bbox 486 3690 1609 3774; baseline -0.004 -16"><span class='ocrx_word' id='word_1_190' title='bbox 486 3694 575 3758; x_wconf 87' lang='lat' dir='ltr'>Alter</span> <span class='ocrx_word' id='word_1_191' title='bbox 593 3693 703 3757; x_wconf 90' lang='lat' dir='ltr'>titulus</span> <span class='ocrx_word' id='word_1_192' title='bbox 723 3690 890 3755; x_wconf 89' lang='lat' dir='ltr'>hebraicus</span> <span class='ocrx_word' id='word_1_193' title='bbox 912 3691 959 3755; x_wconf 93' lang='lat' dir='ltr'>illi</span> <span class='ocrx_word' id='word_1_194' title='bbox 979 3711 997 3755; x_wconf 92' lang='lat' dir='ltr'>e</span> <span class='ocrx_word' id='word_1_195' title='bbox 1017 3690 1145 3774; x_wconf 89' lang='lat' dir='ltr'>regione</span> <span class='ocrx_word' id='word_1_196' title='bbox 1165 3690 1288 3773; x_wconf 85' lang='lat' dir='ltr'>positus</span> <span class='ocrx_word' id='word_1_197' title='bbox 1309 3691 1429 3756; x_wconf 90' lang='lat' dir='ltr'>orditur</span> <span class='ocrx_word' id='word_1_198' title='bbox 1451 3692 1609 3757; x_wconf 83' lang='lat' dir='ltr'>auerbis:</span> 
     </span>
     <span class='ocr_line' id='line_1_29' title="bbox 408 3781 1609 3896; baseline -0.001 -24"><span class='ocrx_word' id='word_1_199' title='bbox 408 3811 533 3896; x_wconf 63' lang='lat' dir='ltr'>daupu</span> <span class='ocrx_word' id='word_1_200' title='bbox 565 3781 664 3886; x_wconf 57' lang='lat' dir='ltr'>truh</span> <span class='ocrx_word' id='word_1_201' title='bbox 696 3807 797 3871; x_wconf 63' lang='grc' dir='ltr'>ἸΕΙΝ</span> <span class='ocrx_word' id='word_1_202' title='bbox 826 3805 859 3884; x_wconf 87' lang='lat' dir='ltr'>(i.</span> <span class='ocrx_word' id='word_1_203' title='bbox 881 3824 907 3868; x_wconf 90' lang='lat' dir='ltr'>e.</span> <span class='ocrx_word' id='word_1_204' title='bbox 929 3789 1109 3868; x_wconf 83' lang='lat' dir='ltr'>Thesaurus</span> <span class='ocrx_word' id='word_1_205' title='bbox 1127 3803 1257 3886; x_wconf 86' lang='lat' dir='ltr'>linguae</span> <span class='ocrx_word' id='word_1_206' title='bbox 1280 3808 1422 3886; x_wconf 88' lang='lat' dir='ltr'>sanctae)</span> <span class='ocrx_word' id='word_1_207' title='bbox 1445 3805 1609 3871; x_wconf 90' lang='lat' dir='ltr'>etfinitur:</span> 
     </span>
     <span class='ocr_line' id='line_1_30' title="bbox 407 3891 1611 4003; baseline 0 -17"><span class='ocrx_word' id='word_1_208' title='bbox 407 3892 485 3989; x_wconf 56' lang='lat'>3⁰25</span> <span class='ocrx_word' id='word_1_209' title='bbox 517 3907 599 3988; x_wconf 63' lang='lat' dir='ltr'>aaa</span> <span class='ocrx_word' id='word_1_210' title='bbox 619 3891 747 3984; x_wconf 59' lang='lat'>&amp;³025</span> <span class='ocrx_word' id='word_1_211' title='bbox 777 3919 809 3999; x_wconf 89' lang='lat' dir='ltr'>(i.</span> <span class='ocrx_word' id='word_1_212' title='bbox 839 3938 866 3983; x_wconf 90' lang='lat' dir='ltr'>e.</span> <span class='ocrx_word' id='word_1_213' title='bbox 892 3918 1022 4000; x_wconf 91' lang='lat' dir='ltr'>Lipsiae</span> <span class='ocrx_word' id='word_1_214' title='bbox 1050 3921 1129 3981; x_wconf 83' lang='grc'><strong>5600</strong></span> <span class='ocrx_word' id='word_1_215' title='bbox 1155 3916 1326 3988; x_wconf 88' lang='lat' dir='ltr'>secundum</span> <span class='ocrx_word' id='word_1_216' title='bbox 1355 3920 1611 4003; x_wconf 89' lang='lat' dir='ltr'>supputationem</span> 
     </span>
     <span class='ocr_line' id='line_1_31' title="bbox 406 4032 1612 4116; baseline -0.002 -14"><span class='ocrx_word' id='word_1_217' title='bbox 406 4037 556 4102; x_wconf 88' lang='lat' dir='ltr'>maiorem</span> <span class='ocrx_word' id='word_1_218' title='bbox 576 4036 605 4114; x_wconf 87' lang='lat' dir='ltr'>[i.</span> <span class='ocrx_word' id='word_1_219' title='bbox 617 4055 643 4100; x_wconf 93' lang='lat' dir='ltr'>e.</span> <span class='ocrx_word' id='word_1_220' title='bbox 656 4033 766 4099; x_wconf 90' lang='lat' dir='ltr'>addito</span> <span class='ocrx_word' id='word_1_221' title='bbox 787 4053 870 4097; x_wconf 93' lang='lat' dir='ltr'>anno</span> <span class='ocrx_word' id='word_1_222' title='bbox 891 4032 1128 4116; x_wconf 67' lang='lat' dir='ltr'>undenario:</span> <span class='ocrx_word' id='word_1_223' title='bbox 1147 4032 1427 4114; x_wconf 80' lang='lat' dir='ltr'>annoOhr.184ll])</span> <span class='ocrx_word' id='word_1_224' title='bbox 1448 4034 1612 4100; x_wconf 83' lang='lat' dir='ltr'>subiuncta</span> 
     </span>
     <span class='ocr_line' id='line_1_32' title="bbox 406 4149 752 4236; baseline -0.017 -19"><span class='ocrx_word' id='word_1_225' title='bbox 406 4151 596 4236; x_wconf 91' lang='lat' dir='ltr'>typographi</span> <span class='ocrx_word' id='word_1_226' title='bbox 617 4149 752 4213; x_wconf 87' lang='lat' dir='ltr'>nomine.</span> 
     </span>
    </p>

    <p class='ocr_par' dir='ltr' id='par_1_5' title="bbox 407 4262 1611 4577">
     <span class='ocr_line' id='line_1_33' title="bbox 486 4262 1610 4349; baseline 0 -18"><span class='ocrx_word' id='word_1_227' title='bbox 486 4268 554 4331; x_wconf 92' lang='lat' dir='ltr'>Hoc</span> <span class='ocrx_word' id='word_1_228' title='bbox 571 4285 649 4348; x_wconf 89' lang='lat' dir='ltr'>opus</span> <span class='ocrx_word' id='word_1_229' title='bbox 660 4263 750 4329; x_wconf 94' lang='lat' dir='ltr'>multi</span> <span class='ocrx_word' id='word_1_230' title='bbox 762 4263 884 4328; x_wconf 88' lang='lat' dir='ltr'>sudoris</span> <span class='ocrx_word' id='word_1_231' title='bbox 895 4262 1123 4345; x_wconf 89' lang='lat' dir='ltr'>multorumque</span> <span class='ocrx_word' id='word_1_232' title='bbox 1138 4271 1326 4349; x_wconf 86' lang='lat' dir='ltr'>sumptuum,</span> <span class='ocrx_word' id='word_1_233' title='bbox 1347 4265 1432 4348; x_wconf 89' lang='lat' dir='ltr'>quod</span> <span class='ocrx_word' id='word_1_234' title='bbox 1446 4266 1479 4330; x_wconf 90' lang='lat' dir='ltr'>in</span> <span class='ocrx_word' id='word_1_235' title='bbox 1493 4266 1610 4331; x_wconf 90' lang='lat' dir='ltr'>Biblio-</span> 
     </span>
     <span class='ocr_line' id='line_1_34' title="bbox 408 4377 1611 4464; baseline 0.001 -19"><span class='ocrx_word' id='word_1_236' title='bbox 408 4382 500 4447; x_wconf 90' lang='lat' dir='ltr'>theca</span> <span class='ocrx_word' id='word_1_237' title='bbox 519 4378 710 4446; x_wconf 90' lang='lat' dir='ltr'>Academica</span> <span class='ocrx_word' id='word_1_238' title='bbox 729 4377 861 4442; x_wconf 89' lang='lat' dir='ltr'>Halensi</span> <span class='ocrx_word' id='word_1_239' title='bbox 894 4381 1088 4456; x_wconf 88' lang='lat' dir='ltr'>asservatur,</span> <span class='ocrx_word' id='word_1_240' title='bbox 1121 4383 1246 4460; x_wconf 90' lang='lat' dir='ltr'>praeter</span> <span class='ocrx_word' id='word_1_241' title='bbox 1267 4378 1330 4444; x_wconf 91' lang='lat' dir='ltr'>duo</span> <span class='ocrx_word' id='word_1_242' title='bbox 1350 4379 1429 4445; x_wconf 88' lang='lat' dir='ltr'>folia</span> <span class='ocrx_word' id='word_1_243' title='bbox 1450 4381 1611 4464; x_wconf 84' lang='lat' dir='ltr'>utriusque</span> 
     </span>
     <span class='ocr_line' id='line_1_35' title="bbox 407 4491 1610 4577; baseline -0.002 -15"><span class='ocrx_word' id='word_1_244' title='bbox 407 4497 490 4562; x_wconf 89' lang='lat' dir='ltr'>tituli</span> <span class='ocrx_word' id='word_1_245' title='bbox 513 4501 545 4562; x_wconf 92' lang='lat' dir='ltr'>et</span> <span class='ocrx_word' id='word_1_246' title='bbox 565 4495 707 4577; x_wconf 86' lang='lat' dir='ltr'>tertium,</span> <span class='ocrx_word' id='word_1_247' title='bbox 727 4493 813 4577; x_wconf 89' lang='lat' dir='ltr'>quod</span> <span class='ocrx_word' id='word_1_248' title='bbox 834 4493 1068 4559; x_wconf 88' lang='lat' dir='ltr'>dedicationem</span> <span class='ocrx_word' id='word_1_249' title='bbox 1088 4491 1131 4557; x_wconf 91' lang='lat' dir='ltr'>ad</span> <span class='ocrx_word' id='word_1_250' title='bbox 1151 4493 1310 4560; x_wconf 85' lang='lat' dir='ltr'>Saxoniae</span> <span class='ocrx_word' id='word_1_251' title='bbox 1329 4495 1449 4577; x_wconf 83' lang='lat' dir='ltr'>Regem</span> <span class='ocrx_word' id='word_1_252' title='bbox 1472 4493 1610 4560; x_wconf 80' lang='lat' dir='ltr'>Frideri-</span> 
     </span>
    </p>
   </div>
   <div class='ocr_carea' id='block_1_3' title="bbox 0 0 1868 5726">
    <p class='ocr_par' dir='ltr' id='par_1_6' title="bbox 0 0 1868 5726">
     <span class='ocr_line' id='line_1_36' title="bbox 0 0 1868 5726; baseline 0 0"><span class='ocrx_word' id='word_1_253' title='bbox 0 0 1868 5726; x_wconf 95' lang='lat' dir='ltr'> </span> 
     </span>
    </p>
   </div>
  </div>
 </body>
</html>
