3728 5726
629 565 633 574 ,
736 499 1016 561 rhonuoouunn.
1409 505 1472 557 uxr
1582 471 1587 478 ’

467 657 676 742 praecedente
693 659 698 736 Ι
717 655 926 722 concordans
903 661 1018 720 harum
1036 658 1041 735 l
1060 657 1250 722 Graecarum
1269 655 1273 736 Ι
1296 653 1400 738 Opere
1426 672 1472 717 re-

467 773 638 881 periuntur.
660 773 663 853 Ι
692 771 812 852 Estque
839 771 937 836 veluti
913 771 967 852 ΙΙ
993 771 1100 836 Clavis
1117 772 1124 881 Ι
1140 769 1377 836 Utilissimat
1346 774 1377 834 et
1404 787 1472 851 per-

467 907 561 971 quam
582 886 761 952 necessaria
779 886 784 968 Ι
803 885 845 949 ad
865 905 921 951 eas
941 889 1037 968 quarn
1056 885 1205 950 facillime
1225 882 1435 968 reperiendas.

347 1002 440 1067 Hunc
461 1003 585 1068 titulum
607 1002 747 1093 sequitur
769 1001 834 1081 (fol.
857 1003 928 1081 ai)
957 1001 1093 1066 auctoris
1114 1000 1249 1066 Praevia
1270 999 1451 1064 Manuduct
1428 1005 1472 1063 tro

267 1087 310 1181 ad
329 1123 511 1199 sequentem
536 1115 689 1197 ludioem,
717 1116 772 1199 qui
794 1116 846 1181 fol.
869 1118 940 1179 a3²
956 1118 1042 1201 (pag.
1063 1118 1095 1197 5)
1117 1115 1245 1212 orditur,
1264 1115 1364 1181 etfol.
1382 1115 1428 1178 kk
1444 1120 1473 1176 lb

269 1235 355 1316 (pag.
379 1234 449 1313 134)
473 1231 588 1314 finitur,
611 1251 719 1296 omnes
741 1251 835 1297 voces
852 1231 938 1296 hebr.
952 1237 984 1296 et
1000 1230 1102 1295 chald.
1121 1201 1377 1314 praecedentium
1394 1231 1473 1295 Con-

268 1345 500 1411 cordantiarum
518 1345 628 1411 ordine
643 1345 843 1429 alphabetico
866 1345 950 1410 hebr.
975 1345 1022 1409 ita
1042 1345 1204 1428 exhibens,
1225 1350 1259 1410 ut
1278 1346 1390 1428 cuique
1403 1347 1473 1412 voci

267 1460 354 1526 hebr.
375 1480 431 1528 seu
451 1460 553 1526 chald.
574 1481 637 1526 vox
658 1481 783 1544 graeca,
812 1461 928 1544 quain
949 1461 1093 1526 versione
1112 1460 1203 1524 LXX
1221 1461 1273 1524 Int
1260 1465 1353 1544 terpr.
1374 1465 1473 1526 trans-

268 1575 405 1641 latat
357 1581 421 1658 est,
451 1576 605 1641 etlatina
625 1576 820 1660 interpretat
811 1597 841 1641 ro
798 1575 975 1640 taddita
992 1576 1042 1640 sit.
1083 1575 1161 1640 Eius
1182 1576 1320 1660 paginae
1341 1575 1417 1640 item
1440 1576 1474 1639 in

268 1689 348 1755 duas
370 1691 531 1757 columnas
553 1698 625 1756 suut
647 1691 780 1757 divisae.
834 1763 839 1774 ,

348 1807 423 1873 Post
444 1807 527 1872 hunc
547 1807 688 1872 Iudicem
706 1807 818 1872 addita
830 1813 903 1873 snut
919 1807 981 1874 duo
999 1807 1216 1874 additamenta
1227 1808 1273 1873 sic
1285 1806 1452 1892 inscripta:

388 1923 515 2007 Duplex
539 1924 544 2005 Ι
569 1921 828 1988 Additamentum
852 1924 855 2005 Ι
882 1923 924 1988 ad
955 1924 1203 2008 praecedentes!
1226 1923 1474 1990 Concordantias

469 2039 619 2120 Graecas,
636 2043 641 2118 Ι
659 2059 789 2122 quorvru
809 2039 899 2104 Prius
920 2040 1060 2105 continet
1076 2040 1081 2123 Ι
1100 2040 1238 2105 Lexicon
1256 2039 1411 2105 Graecum
1432 2038 1475 2102 ad

425 2131 431 2143 ’
469 2153 616 2237 Hexapla
649 2153 840 2237 Origeuis;l
877 2154 1146 2239 comprehendens
1166 2154 1169 2237 Ι
1193 2154 1348 2219 Plurimas
1380 2172 1474 2219 voees

417 2285 420 2293 ·
467 2267 610 2364 'Graecas
637 2287 655 2335 Ι
678 2269 813 2334 residuis
840 2269 1040 2353 Fragmentis
1059 2247 1222 2335 *variarum
1241 2267 1475 2353 Interpretatio-

469 2401 543 2447 num
561 2384 566 2462 Ι
584 2383 708 2449 Veteris
735 2385 948 2468 Testamenti,
976 2405 1090 2470 nempe
1111 2385 1261 2468 Aquilae,
1284 2382 1476 2466 Symmachi,

472 2498 699 2564 Theodotiouis
714 2499 916 2582 aliorumque,
934 2501 940 2582 Ι
958 2499 1105 2566 collectas
1122 2506 1154 2564 et
1166 2499 1199 2563 iu
1213 2498 1355 2564 ordinem
1367 2497 1476 2581 alpha-

468 2612 604 2678 beticum
632 2611 777 2678 redactas
793 2615 798 2695 Ι
817 2618 858 2694 ΙΙ
878 2613 965 2677 Dmu·
986 2612 1149 2679 Bemardo
1176 2612 1217 2679 de
1243 2612 1453 2695 Montsaueon,
1471 2615 1475 2696 Ι

471 2725 629 2792 Posterius
647 2729 651 2808 Ι
670 2727 709 2790 D.
739 2727 899 2792 Lamberti
922 2728 1001 2810 Bos,
1020 2728 1023 2808 Ι
1051 2727 1249 2793 sconinotnm
1270 2727 1477 2794 collationem

471 2840 603 2906 duarum
624 2840 805 2906 Editionum
826 2841 1097 2907 Francofurtensis
1118 2848 1150 2906 et
1170 2842 1353 2907 Vaticanae.

270 2955 308 3018 In
324 2953 400 3019 folio
421 2954 453 3034 ΙΙ
465 2955 508 3035 2),
528 2953 613 3037 quod
634 2953 717 3018 hunc
740 2953 864 3018 titulum
886 2954 1034 3037 sequitur,
1057 2955 1234 3020 Trommius
1261 2954 1370 3037 refert,
1401 2956 1478 3038 quid

271 3067 431 3152 impulerit
459 3066 604 3132 Editores
635 3067 831 3152 Bibliopolas
859 3066 1160 3133 Concordantiarum
1186 3089 1326 3153 suarum,
1355 3077 1390 3135 ut
1418 3071 1478 3136 hoc

270 3182 410 3248 Lexicon
442 3184 597 3249 Graecum
632 3182 675 3247 ad
700 3183 846 3267 Hexapla
880 3183 1027 3266 Origenis
1061 3184 1148 3268 operi
1178 3205 1233 3250 suo
1261 3184 1477 3268 adiungerent.

274 3299 333 3379 ΠΙ
351 3297 517 3382 plagulae,
542 3297 576 3361 in
603 3296 717 3379 quibus
747 3296 806 3362 hoo
826 3296 962 3362 Lexieou
984 3298 1177 3381 continetur,
1202 3300 1316 3364 litteris
1337 3301 1477 3380 (ΙΙ-(Ι)

272 3413 417 3494 (quarum
438 3412 550 3476 ultima
570 3410 745 3494 dimidiam,
766 3416 890 3477 ceterae
905 3413 1048 3495 singulas
1061 3413 1207 3497 plagulas
1220 3414 1477 3499 complectuntur)
1570 3467 1574 3476 .

271 3527 418 3610 signatae
440 3532 521 3609 sunt,
543 3531 575 3591 et
595 3545 739 3591 numeros
751 3518 927 3610 superiores
952 3531 1059 3590 r-7o
1076 3527 1202 3592 habent.
1243 3530 1321 3594 Eius
1340 3529 1479 3613 paginae

271 3641 305 3705 iu
327 3639 408 3705 duas
429 3641 590 3706 columnas
611 3645 684 3705 sunt
703 3639 837 3705 divisae.
858 3678 894 3686 —
940 3642 1097 3708 Posterius
1123 3644 1381 3709 Additamentum
1408 3664 1479 3709 cou-

271 3755 352 3820 tinet
374 3756 393 3817 9
415 3755 560 3838 plagulas
582 3757 618 3833 ΙΙΙ
631 3755 704 3833 -ΙίΙ
727 3755 879 3838 signatas,
904 3775 1035 3838 quarum
1057 3758 1192 3841 primum
1221 3759 1330 3823 lolium
1356 3757 1480 3822 titulum

272 3869 464 3954 peculiarem
491 3868 584 3934 huius
605 3851 814 3934 additamenti
841 3869 985 3952 exhibet;
1015 3872 1206 3939 insecundo
1228 3875 1304 3953 [ad]
1327 3874 1479 3958 paglll.

272 3984 451 4050 'Prommius
477 3982 613 4066 iudicat,
641 3983 701 4049 hoc
729 3983 987 4050 Additamentum
1016 3967 1188 4071 posterius,
1216 4007 1277 4071 quo
1305 3988 1481 4053 continetur

271 4098 405 4163 duarum
432 4097 605 4163 editionum
630 4099 721 4164 LXX
750 4101 975 4186 Interpretum,
1011 4122 1124 4186 nempe
1152 4102 1423 4168 Pranoohrrtensis
1449 4108 1481 4166 et

272 4215 456 4296 Vaticanae,
476 4234 514 4280 eo
537 4215 668 4280 consilio
691 4235 762 4280 esse
782 4217 870 4300 operi
892 4237 949 4281 suo
970 4217 1177 4298 subiunctum,
1199 4223 1234 4282 ut
1253 4217 1350 4282 lector
1369 4216 1480 4281 editio-

268 4303 324 4395 'nis
346 4329 618 4395 Francofurtensis
636 4350 665 4394 Ι.
691 4333 776 4395 1597.
797 4333 979 4415 impressae,
1000 4351 1094 4414 quam
1112 4331 1283 4396 Kiroherus
1304 4337 1336 4396 et
1358 4331 1480 4415 ipsein

224 4455 227 4460 '
273 4428 456 4528 digerendis
477 4464 515 4519 ac
536 4443 720 4509 ordinandis
742 4444 981 4512 Concordantiis
1002 4445 1102 4511 secuti
1123 4446 1203 4529 siut,
1231 4451 1262 4510 et
1288 4463 1395 4510 earum
1416 4444 1502 4510 edi-¹
1632 4485 1641 4500 ·
