3738 5720
590 1362 1026 1451 reclusorium.

311 1681 409 1766 Haud
430 1701 536 1765 multis
556 1700 689 1784 contigit
710 1720 780 1765 cum
792 1673 933 1765 Seneca¹
958 1700 1103 1784 gloriari,
1126 1703 1187 1768 sibi
1209 1723 1279 1768 esse
1299 1723 1413 1769 memo·

212 1791 292 1879 riam
311 1836 374 1880 non
395 1815 436 1879 ad
452 1813 689 1898 complectenda
701 1819 832 1896 tantum,
853 1833 934 1896 quae
948 1815 1056 1897 velint,
1077 1816 1226 1899 velocem,
1247 1817 1413 1882 sedetiam

213 1930 255 1994 ad
275 1929 467 1996 continenda
487 1949 568 2012 quae
589 1929 764 2013 acceperit,
794 1935 825 1993 et
849 1929 873 1992 ii
895 1949 1034 2011 quoque,
1061 1931 1115 2012 qui
1135 1932 1253 1996 eximia
1273 1931 1413 2015 gaudent

211 2045 378 2127 memorie,
405 2045 447 2110 ab
470 2043 580 2108 eodem
602 2046 752 2107 auctore²
780 2048 962 2125 monentur,
987 2045 1170 2108 memoriam
1198 2062 1267 2110 esse
1287 2066 1352 2110 rem
1373 2065 1413 2110 ex

211 2157 355 2222 omnibus
383 2157 527 2241 partibus
556 2156 654 2220 animi
675 2156 811 2219 maxime
832 2155 1001 2220 delicatam
1023 2161 1054 2220 et
1074 2157 1235 2241 fragilem,
1266 2159 1298 2223 in
1319 2179 1413 2242 quam

211 2272 344 2355 primam
374 2277 518 2336 senectus
545 2271 692 2335 incurrat.
736 2269 934 2353 Quapropter
961 2270 1023 2334 viri
1051 2272 1212 2355 sapientes
1240 2281 1272 2338 et
1298 2273 1413 2339 eruditi

214 2384 255 2450 de
274 2384 425 2453 subsidiis
445 2384 637 2467 cogitarunt,
658 2383 771 2465 quibus
793 2383 944 2447 memoria
966 2385 1133 2450 iuvaretur.
1167 2385 1236 2451 Hac
1258 2386 1298 2452 de
1317 2406 1414 2451 causa

211 2498 375 2563 Indices
403 2498 493 2563 libris
514 2503 730 2578 alternorum,
762 2497 875 2578 quibus
896 2497 991 2560 totius
1010 2497 1143 2564 alicuius
1155 2499 1227 2564 libri
1242 2501 1414 2584 praecipua

215 2613 337 2696 capita',
359 2612 435 2694 quin
451 2611 545 2675 immo
568 2611 665 2675 etiam
686 2611 784 2676 verba
804 2611 964 2676 succincta
985 2611 1140 2675 brevitate
1160 2617 1191 2676 et
1213 2612 1323 2677 ordine
1342 2633 1413 2678 con-

212 2727 321 2807 cinno,
342 2725 440 2791 veluti
461 2725 494 2788 in
515 2723 624 2789 tabula
646 2725 850 2806 exhibentur,
871 2745 1002 2808 quorum
1023 2744 1099 2808 ope,
1120 2725 1205 2806 quod
1227 2727 1359 2809 quisque
1379 2728 1413 2791 in

211 2840 292 2905 libro
313 2840 382 2923 ipso
404 2839 526 2922 legerit,
546 2838 633 2904 facili
651 2840 778 2922 negotio
799 2839 936 2922 reperire
958 2845 989 2903 et
1011 2838 1150 2922 relegere
1168 2841 1277 2922 possit.

623 3053 688 3116 DE
716 3052 998 3118 INDIOIBUS.

286 3188 413 3252 Indicis
433 3187 562 3252 verbum
580 3186 665 3270 apud
681 3193 802 3252 veteres
816 3187 983 3270 scriptores
997 3186 1170 3269 significat:
1192 3189 1250 3272 qui
1266 3186 1315 3249 vel
1330 3187 1415 3272 qaod

210 3301 336 3388 aliquid
355 3301 488 3376 induat,
509 3321 536 3366 e.
550 3321 575 3365 c.
592 3301 657 3366 Cic.
677 3301 790 3368 Orator
807 3303 851 3384 18,
863 3305 911 3366 60.
954 3302 1037 3366 Nam
1058 3309 1092 3366 ut
1112 3302 1217 3385 imago
1236 3307 1283 3366 est
1304 3302 1412 3382 animi,

210 3416 330 3481 vultus:
371 3416 417 3480 sio
438 3414 560 3480 indices
580 3415 672 3480 oculi.
694 3416 773 3479 Plin.
795 3416 869 3480 Nat.
889 3415 969 3480 Hist.
996 3417 1039 3498 18,
1062 3417 1107 3479 19.
1155 3416 1294 3481 Leonum
1313 3416 1413 3480 animi

209 3529 306 3594 index
332 3528 451 3612 caude,
477 3528 559 3599 sicut
579 3533 611 3593 et
637 3548 787 3612 equorum
814 3548 921 3612 aurem
950 3529 1145 3613 specialiter:
1174 3532 1363 3616 copm‘torem
1384 3542 1415 3592 ct

257 3737 264 3768 ¹
288 3733 326 3790 lli.
345 3731 459 3790 Annaei
480 3732 610 3791 Senecae
630 3731 770 3810 Rhetoris
789 3751 876 3807 opera
898 3732 962 3792 Nic.
983 3733 1188 3805 Fabri-Andr.
1211 3733 1334 3799 schotti,
1347 3733 1412 3791 Joh.

209 3830 293 3888 Fred.
316 3829 452 3889 Gronovii
482 3835 513 3888 et
532 3829 569 3887 al.
590 3828 805 3888 commentariis
828 3827 983 3888 illustrata.
1010 3831 1090 3887 Tom.
1113 3830 1167 3886 111.
1189 3828 1412 3904 (Amstelodami

212 3924 297 3986 1672.
313 3924 354 4002 8;)
385 3923 724 3984 controversiarum-lib.
747 3925 769 3981 l.
791 3943 856 3999 pag.
873 3923 929 3983 64:
966 3925 1028 3982 Nec
1049 3925 1086 3981 ad
1108 3922 1328 3999 complectenda
1350 3929 1413 3982 tan-

210 4029 282 4095 tum,
306 4041 381 4100 quae
402 4021 518 4093 vellem,
540 4020 630 4080 velox·
648 4024 712 4078 crat
731 4019 804 4078 mihi
825 4019 973 4092 memoria,
997 4021 1049 4079 sed
1072 4020 1160 4079 etiam
1176 4021 1213 4079 ad
1227 4020 1411 4092 continenda,

210 4139 286 4198 quae
307 4124 467 4195 acceperet.
936 4121 941 4132 ¹

251 4221 263 4252 ²
285 4217 360 4275 lbid.
380 4213 469 4291 pra:
490 4215 569 4273 inter
590 4234 627 4273 ea
641 4234 718 4292 quac
732 4214 830 4287 retuli,
841 4214 919 4290 [scil.
935 4233 1011 4292 quae
1025 4217 1178 4271 senectute
1192 4213 1411 4289 desiderantur]

209 4313 349 4373 memoria
370 4317 430 4384 est,
458 4332 505 4371 res
527 4332 566 4371 ex
587 4312 723 4370 omnibus
745 4312 878 4387 pertibus
899 4313 989 4370 animi
1012 4311 1138 4370 maxime
1160 4310 1285 4369 delicata
1307 4317 1338 4370 et
1355 4311 1412 4370 fra·

209 4413 288 4484 gilis,
311 4413 342 4470 in
363 4431 452 4490 quam
473 4410 596 4486 primam
617 4413 755 4467 senectus
777 4409 910 4468 incurrit.

264 4515 398 4560 Bludoall
415 4515 529 4562 Spectmen,
675 4557 679 4568 Ι
826 4514 829 4520 ’
1195 4510 1211 4566 1
1290 4551 1292 4556 .
