3738 5720
692 577 971 630 PROLEGOMENA.
1372 581 1437 631 XXI

233 722 348 804 singuli
362 723 513 788 exstant.¹
538 722 670 788 Wolfius
687 723 707 786 1.
724 723 743 786 l.
762 724 785 786 Ι.
800 744 830 807 p.
842 725 910 788 681.
924 726 1105 790 annotavit:
1128 725 1221 804 „Vidi
1243 745 1302 816 ego
1323 725 1433 790 editio-

231 856 303 900 nem
324 837 400 900 anni
416 839 485 917 341,
507 837 578 902 Chr.
599 839 683 918 1581,
705 837 794 901 cuius
815 838 924 902 titulus
939 859 1014 922 prae
1036 859 1069 903 se
1090 839 1210 903 ferebat
1233 839 1436 902 Parisiorum

230 969 360 1014 nomen:
383 949 553 1016 editionem
573 952 676 1035 ipsam
691 957 795 1015 tamen
814 972 834 1014 a
853 951 952 1016 Basti.
975 973 1037 1017 non
1055 958 1130 1036 puto
1151 951 1325 1034 diversam;
1347 952 1437 1018 deest

231 1070 336 1128 tamen
359 1065 479 1143 ῘἸἾΠΝ
505 1038 667 1150 bruhta,
709 1065 853 1149 quamvis
886 1067 919 1131 in
950 1067 1198 1151 praemonitione
1229 1068 1437 1152 promittatur,
1507 1164 1513 1176 ⁸

232 1177 311 1243 sicut
332 1185 364 1243 et
385 1178 417 1243 in
443 1179 544 1242 Basa
567 1181 699 1244 exstat.“

312 1293 462 1358 Fortasse
496 1294 624 1359 easdem
652 1295 811 1359 Nathanis
841 1295 1088 1360 Concordantias
1116 1295 1277 1359 continent
1305 1294 1438 1359 Codices

232 1408 330 1489 MSS„
352 1429 482 1490 quorum
505 1409 578 1474 Iao.
600 1410 652 1474 Le
673 1411 784 1494 Long
804 1412 836 1476 in
857 1411 1054 1478 Bibliotheca
1073 1431 1163 1475 sacra
1186 1411 1327 1492 (Parisiis
1352 1412 1437 1475 1723.

233 1522 315 1603 Ful.)
343 1544 375 1613 p.
398 1526 466 1588 454.
491 1529 521 1588 et
542 1523 717 1590 Wolfius
745 1525 765 1588 l.
787 1525 806 1588 l.
830 1527 855 1590 Ι.
878 1546 908 1609 p.
928 1526 995 1588 683.
1024 1527 1080 1590 III.
1108 1546 1138 1609 p.
1166 1527 1225 1588 608
1247 1525 1437 1590 mentionem

218 1635 382 1702 'mmmm.

315 1751 382 1816 Hoc
393 1751 552 1818 Nathanis
568 1773 648 1836 opus
662 1754 718 1816 An
729 1759 801 1818 ton.
815 1753 1068 1818 Reuchlinus
1088 1753 1121 1817 in
1142 1752 1283 1835 linguam
1304 1752 1436 1818 latinam

236 1865 337 1930 vertit.
378 1867 467 1930 Haec
489 1867 652 1931 translatio
674 1887 702 1930 a.
728 1870 803 1930 1556
832 1866 950 1951 prodiit
968 1867 1012 1932 sic
1032 1867 1199 1950 inscripta:

355 1979 657 2046 Concordantiarum
678 1981 902 2046 Hebraicarum
933 1981 1039 2065 capita
1066 2001 1147 2064 quae
1176 1987 1248 2046 sunt
1268 1981 1308 2045 de
1328 2001 1440 2046 vocum

436 2095 685 2179 expositionibus
707 2094 1057 2160 aR.Mardochaeo
1080 2095 1239 2159 Nathan
1262 2095 1441 2178 conscripta

380 2283 383 2288 p
437 2215 468 2274 et
496 2209 610 2273 Latine
643 2207 797 2273 translata
831 2227 889 2292 per
916 2209 1133 2273 Antonium
1163 2209 1440 2274 Reuohlinum.

436 2323 583 2389 Basileae
605 2344 657 2407 ap.
677 2323 799 2387 Henric.
821 2323 916 2388 Petri.
946 2323 1146 2388 1556.F01.2

237 2441 287 2505 De
308 2439 368 2503 hac
389 2437 595 2502 translatione
616 2436 794 2502 Buxtortius
819 2437 852 2500 in
874 2435 1070 2520 praefatione
1096 2455 1222 2501 suarum
1245 2436 1442 2501 Concordan-
1500 2425 1501 2430 ¹

238 2555 350 2619 tiarum
371 2555 416 2618 sic
435 2552 569 2618 iudicat:
591 2551 775 2635 „Reuchlini
793 2552 1010 2636 interpretatio
1029 2558 1077 2617 est
1092 2551 1298 2616 vitiosissima
1310 2557 1342 2616 et
1352 2551 1441 2615 innu-

239 2669 333 2734 meris
359 2674 459 2733 scatet
486 2666 658 2748 erroribus,
693 2667 747 2732 ubi
774 2673 910 2732 mentem
940 2667 1081 2732 authoris
1110 2688 1172 2733 non
1201 2672 1249 2732 est
1278 2671 1440 2731 assecutus

239 2792 458 2868 praeterquam
485 2783 569 2868 quod
597 2782 631 2847 in
652 2802 690 2847 ea
712 2787 816 2847 textus
836 2783 998 2847 Hebraeus
1026 2782 1260 2866 corruptissime
1288 2787 1336 2846 est
1364 2800 1441 2864 pun-

240 2899 369 2964 otatus.“

318 3013 440 3078 Eadem
464 3012 572 3096 capita
590 3012 700 3094 lingua
721 3012 821 3077 latina
840 3011 1000 3096 descripta
1021 3018 1093 3077 sunt
1119 3032 1139 3076 a
1156 3012 1240 3077 uia
1261 3009 1445 3092 Fullero‚

241 3129 328 3194 ouius
344 3128 447 3193 versio
464 3146 624 3209 nunquam
645 3127 678 3191 in
700 3126 801 3192 lucem
823 3127 910 3192 edita
931 3134 988 3207 est,
1011 3128 1066 3192 sed
1088 3127 1121 3191 in
1142 3124 1339 3191 Bibliotheca
1361 3124 1443 3189 Bod-

198 3331 201 3336 '
239 3245 346 3309 lciana
367 3243 435 3309 cod.
458 3245 544 3305 2970.
565 3243 693 3327 propria
716 3243 815 3327 ipsius
836 3263 930 3307 manu
954 3249 1086 3308 exarata
1106 3247 1263 3336 servatur,
1285 3245 1366 3305 teste
1387 3240 1444 3304 Po-

130 3425 136 3436 ,
240 3359 350 3425 cockio
371 3358 404 3423 in
425 3359 557 3443 praefat.
578 3366 742 3424 comment.
763 3359 796 3423 in
816 3359 966 3424 Ioelem.³

288 3627 294 3659 ¹
317 3623 392 3681 Vide
414 3623 553 3682 Wolfium
580 3622 600 3679 l.
621 3623 640 3680 l.
665 3625 686 3680 Ι.
707 3642 735 3698 p.
759 3621 825 3680 129.
851 3656 891 3665 -
923 3624 1048 3680 Easdem
1070 3627 1131 3680 tres
1153 3621 1299 3680 editiones
1321 3620 1450 3680 breviter

242 3718 391 3780 recensuit
411 3719 563 3778 Fuerstius
584 3719 616 3776 iu
639 3718 712 3778 Bibl.
734 3719 794 3776 iud.
807 3722 861 3777 III.
883 3740 911 3794 p.
929 3718 967 3778 22
990 3740 1033 3797 sq.

287 3820 299 3852 ²
322 3816 396 3874 Vide
418 3818 460 3874 Le
481 3819 564 3889 Long
584 3817 603 3873 l.
626 3817 645 3874 l.
665 3837 694 3892 p.
717 3816 784 3875 454.
811 3821 842 3875 et
864 3817 1003 3876 Wolfium
1023 3817 1042 3874 l.
1065 3815 1084 3873 l.
1106 3818 1130 3873 Ι.
1152 3836 1179 3891 p.
1201 3813 1268 3874 682.

287 3916 298 3949 ³
318 3913 394 3971 Vide
416 3914 458 3970 Le
479 3913 562 3984 Long
582 3912 601 3970 l.
624 3912 643 3970 l.
667 3934 694 3988 p.
714 3912 781 3971 454.
804 3947 842 3955 -
875 3915 953 3971 Idem
975 3935 1002 3990 p.
1024 3912 1082 3972 455
1105 3916 1247 3971 memorat
1265 3915 1354 3972 hasce
1377 3913 1453 3972 Con-

246 4013 427 4072 cordantias:
462 4013 718 4085 „Concordantias
746 4014 822 4074 Bibl.
845 4015 1056 4073 Hebraieorum
1085 4012 1226 4085 Gregorio
1247 4012 1334 4070 XIII.
1356 4012 1388 4068 P.
1412 4012 1450 4069 M.

244 4129 430 4185 nuncupasse
451 4109 662 4168 Bernardinum
686 4131 703 4168 a
726 4112 827 4169 Monte
853 4111 931 4169 Oalv.
956 4111 1018 4188 (qui
1040 4109 1140 4168 floruit
1165 4105 1261 4184 1580.)
1304 4106 1447 4166 Oldoinus

247 4207 349 4265 scribit
370 4206 505 4265 columna
525 4204 571 4266 34.
592 4206 695 4265 volum.
716 4205 742 4265 4.
785 4205 871 4264 Vitae
893 4226 994 4265 summ.
1016 4206 1122 4265 Pontis.
1142 4206 1174 4263 in
1194 4203 1398 4263 additionibus.
1411 4237 1452 4246 -

248 4302 478 4362 concordantiae
508 4302 671 4361 Bibliorum
697 4304 1066 4371 Hebraeo-Germanicae,
1094 4301 1188 4361 literis
1216 4300 1371 4359 Hebraicis
1398 4319 1451 4374 per

247 4403 273 4459 R
302 4400 437 4458 Auschel.
458 4400 492 4458 4⁰
521 4401 678 4460 cracoviae
699 4400 766 4462 312.
789 4399 903 4480 (1552.)
924 4401 990 4461 344.
1008 4397 1142 4480 (1584.)“
1196 4403 1234 4456 At
1252 4400 1357 4456 harum
1378 4397 1452 4454 Con-

249 4497 465 4556 cordantiarum
485 4497 598 4575 priores
623 4498 770 4558 Calasii
797 4518 861 4557 esse
887 4499 1040 4569 ridentur,
1068 4497 1177 4574 quippe
1203 4515 1278 4575 quae
1296 4492 1453 4553 Bernardi-
