3728 5726
444 567 556 618 LXXVI
906 569 1188 623 PROLEGOMENA.

607 715 878 802 Concordantiael
899 719 1139 785 Graeculatinae
1158 719 1163 800 Ι
1180 717 1386 810 Testamenti·
1396 715 1489 780 Novi.

564 831 633 896 Hac
661 831 800 897 editione
828 833 985 916 pleniores
1013 840 1044 899 et
1070 834 1230 899 uberiores
1249 836 1253 910 Ι
1271 832 1392 897 editae:
1419 830 1579 912 dvoesqve
1606 829 1650 893 ad

606 941 612 952 '
645 966 752 1011 veram
773 939 888 1011 vocvm'
905 947 990 1011 illivs
1007 947 1011 1028 l
1030 947 1321 1030 interpretationem
1340 945 1555 1010 necessariae:
1577 964 1649 1009 neo-

645 1082 707 1127 non
731 1062 771 1144 ijp
791 1081 873 1144 quae
886 1061 1034 1146 inprime
1047 1061 1186 1126 editione
1204 1066 1208 1138 l
1227 1080 1266 1126 ex
1281 1060 1498 1144 supplemento
1510 1057 1652 1143 petenda

685 1184 775 1241 erant
795 1183 827 1241 et
847 1176 890 1241 ad
910 1177 1029 1242 calcem
1048 1177 1052 1258 l
1069 1177 1196 1259 reiecta,
1216 1175 1284 1240 loco
1298 1181 1329 1239 et
1342 1173 1451 1239 ordine
1464 1173 1607 1257 digestis.

646 1293 682 1355 lu
704 1291 754 1355 his
773 1291 849 1373 qvid
869 1291 1055 1375 praestitum
1076 1291 1132 1371 sit,
1151 1291 1155 1372 l
1173 1289 1314 1374 praelixa
1336 1288 1379 1353 ad
1399 1290 1561 1354 hectorem
1583 1288 1650 1372 epi·
1727 1325 1731 1336 ·

645 1407 726 1471 8ῖοῙὸ
746 1406 846 1471 (100θί
998 1422 1106 1488 Editio
1125 1422 1281 1488 Secunda.

643 1519 659 1598 (
666 1520 681 1580 I
685 1543 701 1580 n
697 1519 762 1603 fra
784 1519 860 1580 haec
875 1517 964 1581 titulo
987 1520 1204 1602 interpositam
1225 1529 1271 1580 est
1292 1517 1486 1603 toppoprnpla'
1507 1519 1650 1602 Inne'pne,

737 1639 799 1678 non
828 1616 873 1678 td<
880 1618 1050 1699 lapsioris
1070 1615 1229 1694 editiones,
1252 1627 1287 1677 ot
1306 1618 1339 1677 er'
1353 1614 1522 1698 percolende.
1526 1617 1542 1697 )

646 1733 694 1796 Ex
717 1732 945 1816 typographia
967 1731 1052 1796 Petri
1073 1736 1105 1795 et
1125 1731 1233 1796 Iacobi
1254 1730 1384 1795 chnuht.
1403 1737 1407 1810 l
1425 1745 1463 1792 M.
1478 1742 1534 1792 Dc.
1550 1743 1649 1792 xxlv.

446 1864 534 1928 Haec
553 1863 661 1944 editio,
683 1884 777 1945 quam
799 1883 838 1928 ex
857 1864 1055 1929 Bibliotheca
1067 1863 1339 1948 Orphanotrophei
1362 1862 1509 1926 Halensis
1530 1860 1563 1924 in
1583 1880 1650 1923 ma-

445 1977 538 2043 nibus
561 1976 679 2058 habeo,
707 1979 846 2043 continet
865 1980 924 2040 254
946 1979 1107 2061 plagulas,
1134 1997 1265 2058 quarum
1285 1976 1368 2041 duae
1388 1975 1507 2059 priores
1530 1975 1651 2039 habent

446 2093 640 2175 signaturam
674 2093 721 2157 illi
747 2094 854 2177 signo,
886 2093 971 2176 quod
998 2095 1315 2160 Betuleius-vocihus
1343 2093 1467 2176 graecis
1493 2091 1650 2175 praefixit,

444 2207 587 2288 similem,
602 2214 725 2271 ceterae
741 2207 853 2272 litteris
866 2208 982 2289 A-Z,
995 2209 1045 2272 Aa
1055 2208 1159 2291 —Yy,
1175 2208 1254 2270 Aha
1264 2206 1383 2287 -ZZz,
1393 2204 1650 2287 Anao-PPpp,

444 2341 575 2403 quarum
603 2341 747 2404 quaeque
769 2325 787 2384 3
811 2321 957 2406 plagulas
979 2323 1011 2401 (6
1031 2321 1120 2401 folia)
1143 2321 1375 2404 complectitur,
1402 2319 1548 2402 signatae
1567 2324 1649 2382 sunt.

443 2435 585 2518 Paginae
610 2437 639 2500 A
666 2437 841 2520 la-PPpp
871 2438 913 2517 5¹³,
948 2437 981 2500 in
1009 2456 1072 2518 qua
1101 2455 1181 2519 opus
1206 2435 1326 2517 finitur,
1359 2433 1480 2498 habent
1504 2452 1650 2498 numeros

444 2550 620 2633 superiores
637 2554 782 2614 1-roo4.
826 2551 977 2616 Ultimum
998 2552 1107 2617 folium
1119 2552 1214 2635 PPpp
1237 2552 1256 2613 6
1276 2551 1502 2615 albumest-
1524 2548 1649 2613 Folium

443 2661 615 2728 seeundum
640 2663 732 2727 titulo
759 2664 934 2746 proximum
964 2665 1103 2730 eontinet
1125 2665 1219 2729 Henr.
1242 2663 1395 2747 Stephani
1416 2662 1650 2728 dedicationem

443 2774 486 2838 ad
499 2775 678 2859 Principem
698 2775 888 2862 Mauritium,
910 2778 1044 2842 Hassiae
1064 2777 1315 2861 handgravium3
1337 2777 1446 2841 folium
1469 2779 1594 2842 tertium
1616 2782 1650 2842 et

444 2891 585 2975 superior
611 2911 685 2975 pars
712 2892 826 2975 prioris
855 2893 993 2977 paginae
1022 2893 1089 2958 folii
1118 2892 1222 2975 quarti
1249 2892 1376 2956 exhibet
1397 2891 1537 2956 eiusdem
1557 2911 1647 2975 prae-

444 3005 595 3070 fationem
616 3025 672 3070 seu
693 3007 860 3090 epistolam
880 3006 922 3070 ad
944 3007 1101 3089 lectorem,
1122 3026 1204 3089 quae
1219 3026 1239 3070 a
1252 3000 1356 3090 priore
1374 3005 1512 3070 editione
1525 3025 1562 3070 eo
1577 3012 1645 3070 tan-
1769 3035 1772 3042 ·

444 3125 510 3184 tum
530 3119 651 3200 differt,
670 3120 754 3202 quod
774 3121 903 3185 ultimae
924 3125 963 3202 ll
983 3121 1096 3203 lineae,
1117 3122 1149 3185 in
1171 3121 1285 3203 quibus
1307 3120 1486 3203 Stephanus
1508 3120 1645 3185 breviter

443 3234 610 3317 indigitat,
638 3235 678 3299 de
700 3229 813 3317 ‘quibus
842 3236 933 3300 rebus
962 3235 994 3298 in
1017 3236 1203 3320 Appendioe
1224 3235 1324 3299 serius
1352 3234 1519 3299 scribenda
1543 3234 1649 3300 dicere

443 3351 529 3431 velit,
551 3351 584 3414 in
604 3349 665 3414 hac
685 3350 824 3415 editione
845 3357 919 3433 apte
940 3350 1075 3415 omissae
1098 3357 1240 3440 suntq—
1271 3351 1308 3414 In
1334 3351 1435 3414 altera
1455 3350 1523 3415 folii
1544 3350 1649 3433 quarti

444 3465 564 3549 pagina
586 3463 697 3529 addita
714 3471 762 3529 est
780 3465 987 3550 Typographi
1010 3465 1259 3549 praefatiuncula
1281 3463 1323 3528 ad
1342 3465 1506 3547 lectorem,
1532 3465 1565 3528 in
1586 3485 1651 3548 qua

443 3578 591 3658 refertur,
620 3577 789 3642 secundam
811 3599 897 3670 nuno
915 3578 1057 3644 exhiberi
1078 3579 1265 3662 editionem,
1294 3579 1444 3660 quoniam
1465 3599 1543 3662 opus
1567 3578 1649 3644 desi-

444 3692 548 3756 derari
570 3692 741 3775 coepisset;
763 3692 803 3758 de
825 3713 876 3776 eo,
897 3693 982 3775 quod
1002 3693 1035 3757 in
1056 3694 1116 3759 hac
1134 3713 1217 3758 nova
1238 3693 1377 3758 editione
1399 3681 1584 3776 praestitum
1598 3693 1649 3775 sit,

443 3807 569 3872 nonnisi
591 3807 650 3872 hoc
670 3806 800 3871 dieitur:
824 3827 862 3872 ea
884 3807 1124 3891 Supplernenta‚
1144 3827 1225 3889 quae
1245 3809 1288 3872 ad
1308 3809 1427 3873 calcem
1448 3807 1562 3890 prioris
1584 3806 1649 3872 edi-

444 3922 539 3986 tionis
560 3920 672 3986 addita
693 3929 807 4003 essent,
829 3922 864 3998 in
883 3922 943 3987 hae
959 3922 1025 3986 suis
1041 3922 1119 3987 loeis
1138 3942 1207 3987 esse
1224 3923 1352 4004 inserta,
1372 3942 1495 3986 necnon
1511 3921 1649 3986 locorum

444 4037 564 4118 aliquot
591 4035 754 4100 additione
783 4055 861 4120 opus
890 4036 1123 4120 locupletatum.
1151 4073 1191 4082 —
1219 4037 1325 4101 Prima
1348 4035 1648 4102 Concordantiarum

443 4151 564 4235 pagina
580 4149 694 4242 iisdem
714 4151 820 4215 verbis
842 4170 880 4215 ae
896 4151 930 4214 in
951 4151 1055 4235 priore
1077 4150 1168 4232 edit,
1191 4152 1391 4235 paginaeque
1412 4169 1520 4214 omnes
1538 4150 1649 4215 eodem

443 4265 536 4331 modo
557 4265 681 4330 divisae
702 4271 773 4329 sunt
793 4271 825 4329 et
845 4270 912 4329 tota
933 4265 1037 4349 operis
1056 4264 1221 4330 methodus
1244 4271 1291 4330 est
1313 4264 1424 4330 eadem
1447 4284 1484 4329 ao
1503 4265 1536 4328 in
1558 4264 1622 4328 illa.

525 4380 623 4445 Multo
643 4380 744 4444 maior
764 4378 962 4462 plagularum
983 4399 1129 4444 numerus
1157 4382 1241 4460 (254)
1269 4380 1361 4444 huius
1382 4378 1531 4444 editionis
1552 4378 1650 4462 (prior

443 4494 540 4562 habet
556 4496 623 4576 137)
636 4513 717 4576 eum,
737 4494 791 4576 qui
803 4499 967 4578 utramque
983 4513 1165 4579 comparare
1176 4495 1294 4576 nequit,
1314 4493 1408 4559 facile
1423 4493 1457 4557 iu
1468 4493 1650 4577 opinionem
