3738 5720
418 521 532 574 XXXVI
891 520 1172 572 PROLEGOMENA.

419 666 544 746 folium,
575 666 674 748 quod,
702 667 766 730 illis
798 668 832 727 12
860 666 945 730 l'oliis
966 668 1212 750 praetermissis,
1234 667 1405 731 secuudum
1427 668 1527 751 ipsius
1554 669 1627 734 libri

422 780 537 862 iudico,
558 781 697 845 continet
719 781 780 844 tria
798 782 953 845 earmina:
975 782 1116 846 Thomae
1135 781 1312 846 Bartholini
1336 788 1367 846 ct
1387 782 1479 847 Pauli
1493 783 1624 848 Vindiu-

420 895 466 978 gii
490 894 532 959 ad
553 894 667 959 Christ.
689 894 839 960 Noldium
865 901 959 978 atque
977 895 1104 979 Georgii
1124 896 1315 961 aMbiuiche
1336 897 1369 960 in
1390 897 1458 961 eius
1477 897 1623 980 effigiem,

421 1011 455 1073 in
477 1029 540 1092 seq.
555 1010 646 1074 tertio
660 1009 774 1092 legitur
785 1009 894 1074 Noldii
907 1010 1043 1093 epistola
1056 1012 1286 1095 nuncupatoria
1301 1011 1344 1075 ad
1358 1012 1572 1077 Christianum
1588 1014 1624 1076 V.

420 1125 538 1206 Regem
560 1123 684 1187 Daniae
708 1129 765 1187 eto.
807 1124 909 1187 Haun.
931 1124 998 1188 Oal.
1021 1124 1106 1207 Sept.
1132 1126 1216 1187 1679.
1240 1125 1374 1209 scripta,
1402 1132 1546 1209 quartum
1572 1126 1624 1191 fol.

422 1238 550 1303 exhibet
571 1238 798 1320 praefationem
821 1237 863 1300 ad
885 1239 1041 1319 lectorem,
1065 1239 1099 1302 in
1119 1259 1182 1320 qua
1201 1238 1241 1304 de
1260 1259 1315 1304 suo
1331 1260 1425 1323 opere
1444 1240 1626 1304 disserit.-

421 1352 624 1434 Subsequens
633 1371 711 1435 opus
720 1352 823 1435 ipsum
835 1352 973 1416 continet
996 1355 1068 1426 tibh
1077 1353 1223 1436 plagulas
1237 1354 1350 1419 litteris
1363 1355 1468 1436 A—Z,
1484 1355 1626 1435 Aa-Zz,

389 1497 399 1522 ι
422 1468 623 1548 Aaa-Zzz,
645 1468 882 1550 Aaaa-Yyyy
905 1468 1074 1550 signatae,²
1104 1488 1199 1550 pagg.
1218 1471 1349 1552 1-776,
1369 1469 1402 1532 in
1421 1469 1535 1552 quibus
1557 1489 1627 1552 par-

421 1582 539 1647 ticulae
560 1582 645 1646 hebr.
667 1588 699 1646 et
720 1582 823 1646 chald.
845 1582 1045 1665 alphabetico
1066 1582 1175 1646 ordine
1188 1583 1368 1664 afferuntur,
1388 1603 1495 1647 earum
1508 1603 1582 1648 usus
1597 1591 1628 1648 et

422 1696 679 1780 significationes,
688 1703 719 1760 et
727 1696 786 1760 loci
796 1696 913 1776 biblici,
928 1695 961 1759 in
977 1696 1090 1778 quihus
1102 1697 1312 1778 inveniuntur,
1320 1699 1435 1781 partim
1443 1699 1628 1782 simpliciter

422 1812 512 1892 libro,
526 1812 631 1894 eapite
639 1817 671 1875 et
677 1831 779 1893 versu,
794 1811 910 1894 partim
917 1831 980 1875 una
988 1831 1058 1874 cum
1067 1811 1172 1875 verbis
1184 1812 1264 1895 ipsis
1279 1811 1364 1876 hebr.
1374 1819 1429 1877 aut
1436 1813 1538 1878 ohald.
1547 1820 1579 1878 et
1585 1814 1629 1878 la-

421 1926 757 1991 tineversisnotantur.
766 1927 803 1988 ln
812 1926 871 1989 hac
880 1926 980 1988 latina
988 1926 1244 2008 interpretatione
1253 1927 1547 2010 saepissimeadditi
1557 1935 1629 1992 sunt

410 2041 542 2105 'numeri
555 2040 679 2104 uncinis
685 2040 868 2121 inclusi,qui
877 2045 1021 2123 spectant
1029 2039 1071 2103 ad
1078 2040 1299 2104 annotationes
1307 2040 1391 2104 illico
1399 2041 1627 2106 memorandae.

423 2156 493 2220 Hae
508 2155 709 2238 776paginae
726 2173 789 2218 non
803 2154 836 2217 in
850 2155 1011 2218 columnas
1027 2153 1149 2218 divisae
1164 2160 1245 2218 sunt.
1268 2156 1300 2235 2)
1316 2156 1354 2216 39
1371 2155 1519 2239 plagulas
1533 2157 1629 2239 paulo

421 2270 594 2335 minoribus
622 2269 734 2333 litteris
761 2269 883 2351 A—Z,
910 2269 1059 2353 Aa—Pp
1080 2269 1237 2351 signatas,
1259 2289 1332 2352 pag.
1357 2271 1575 2351 raa-1186,
1596 2272 1629 2335 in

422 2384 536 2466 quibus
557 2383 745 2448 exhibentur
766 2386 844 2446 2016
858 2384 1087 2448 Annotationes
1106 2390 1137 2447 et
1153 2382 1328 2466 Vindiciae,
1346 2383 1388 2447 ad
1408 2404 1487 2466 quas
1508 2385 1629 2449 numeri

422 2499 469 2562 illi
490 2502 643 2582 spectant,
664 2499 770 2579 quiin
791 2497 1052 2581 praecedentibus
1073 2498 1210 2580 plagulis
1234 2499 1353 2564 latinae
1375 2500 1627 2583 interpretationi

423 2613 562 2696 appositi
597 2618 677 2676 sunt.
742 2613 811 2676 Hae
841 2613 979 2696 paginae
1013 2613 1046 2675 in
1082 2612 1162 2677 duas
1194 2614 1356 2678 columnas
1391 2620 1464 2678 sunt
1495 2614 1627 2679 divisae.

423 2727 454 2807 3)
473 2745 607 2809 sequens
621 2724 751 2810 plagula
766 2725 825 2808 Qq,
849 2746 922 2810 pag.
940 2727 1158 2790 1187-1194
1179 2727 1254 2790 item
1274 2728 1452 2811 bipartitae,
1474 2729 1627 2812 inscripta

423 2846 487 2905 est:
523 2839 632 2904 Index.
661 2839 736 2904 Plus
763 2860 857 2922 qvam
884 2841 933 2905 bis
960 2840 1046 2905 mille
1073 2841 1226 2906 Locorum
1252 2842 1447 2926 Scripturas:
1483 2844 1517 2908 in
1543 2862 1624 2927 quae

425 3010 617 3069 dedicationis
644 3009 748 3066 folium
776 3009 982 3080 inveniuntur,
1007 3016 1038 3066 et
1064 3010 1188 3068 ultimae
1217 3013 1342 3086 paginae
1365 3018 1479 3071 eustos:
1508 3013 1628 3072 Druna

424 3107 566 3182 indigitat
579 3106 702 3182 primam
716 3127 815 3165 vocem
831 3109 1042 3184 subsequentis
1058 3108 1170 3183 primae
1185 3108 1279 3184 ipsius
1290 3109 1386 3185 operis
1400 3110 1535 3185 paginae,
1556 3131 1632 3188 quae

423 3203 530 3280 incipit
550 3204 587 3260 ab
612 3202 821 3278 inscriptione:
857 3205 1153 3263 DlFFlClLlORUM
1174 3205 1415 3264 SCRIPTURAE
1434 3207 1630 3266 LOCORUM.

427 3300 623 3359 CENTURIA
645 3302 776 3358 PRIMA.
797 3303 980 3359 —Easdem
998 3308 1059 3359 tres
1077 3301 1212 3376 plagulas
1233 3322 1292 3360 non
1314 3303 1408 3362 solum
1428 3304 1460 3362 in
1480 3325 1514 3363 eo
1536 3324 1631 3363 exem·

423 3398 483 3475 plo,
503 3398 581 3476 quod
601 3398 665 3473 ipse
686 3398 717 3455 in
738 3399 873 3458 manibus
894 3399 998 3470 habco,
1024 3399 1076 3456 sed
1096 3399 1185 3456 etiarn
1205 3399 1236 3458 in
1256 3399 1323 3458 aliis
1345 3403 1392 3459 hic
1412 3401 1487 3460 falso
1505 3402 1631 3459 insertas

425 3515 504 3567 esse,
535 3498 614 3552 certe
636 3495 668 3551 in
691 3514 741 3567 ec,
771 3515 828 3571 quo
852 3495 1034 3571 Tympius
1060 3515 1132 3554 usus
1154 3503 1216 3567 est,
1245 3496 1351 3572 colligo
1380 3518 1419 3556 ex
1440 3499 1504 3556 eius
1524 3499 1630 3572 verbis,

424 3593 552 3671 quaein
574 3592 757 3668 praefatione
779 3593 847 3649 libri
867 3592 948 3651 illico
961 3595 1134 3652 recensendi
1150 3599 1322 3653 occurrunt:
1345 3596 1531 3667 „Caeterum
1553 3615 1629 3671 quae

425 3709 635 3766 nonnunquam
664 3687 752 3746 nudis
781 3690 991 3762 parentheseos
1020 3688 1112 3763 siguis
1139 3689 1254 3747 inclusa
1282 3690 1379 3763 rides,
1408 3691 1497 3749 crisin
1525 3692 1630 3766 prioris

425 3786 562 3857 editoris,
589 3785 688 3844 nescio
712 3805 750 3842 an
770 3783 969 3843 Pfeifferi¹
982 3786 1116 3862 sapiunt,
1140 3806 1215 3864 quae
1240 3787 1305 3862 ipsa
1327 3793 1424 3846 tamen
1446 3788 1493 3847 vel
1511 3808 1632 3864 praepo·

425 3888 502 3942 stere
525 3883 584 3941 fuit
604 3882 745 3952 adhibita,
768 3883 815 3941 vel
836 3884 975 3941 mendose
993 3886 1163 3959 expressa.“
1205 3885 1286 3942 Haec
1305 3886 1394 3943 verba
1415 3885 1546 3944 excitant
1566 3904 1632 3943 con-

423 3980 575 4051 iecturam,
597 3980 753 4056 Tympium
775 3999 892 4058 quoquc
913 3980 944 4037 in
962 4000 1015 4039 suo
1037 3981 1170 4057 exemplo
1191 3981 1257 4039 istis
1276 3981 1348 4039 locis
1372 3982 1505 4040 Pfeifferi
1525 4001 1632 4040 nomen

424 4077 543 4151 legisse,
558 4077 687 4155 indeque
705 4082 940 4150 argumentatum
963 4097 1038 4149 esse,
1061 4098 1119 4136 non
1141 4079 1238 4154 ipsum
1260 4083 1417 4152 auctorem,
1441 4080 1492 4138 sed
1505 4079 1631 4138 fortasse

425 4175 597 4234 Pfeifferum
613 4174 730 4232 illarum
753 4175 1031 4233 concordantiarum
1052 4176 1147 4233 inisse
1164 4174 1315 4233 editorem.

472 4276 480 4308 ¹
503 4275 538 4330 In
558 4275 614 4331 hoe
638 4271 712 4330 libro
732 4273 921 4347 alphabetum
943 4293 1010 4341 non,
1034 4279 1069 4330 ut
1090 4271 1171 4344 alias,
1192 4270 1241 4345 23,
1263 4275 1315 4331 sed
1336 4271 1375 4331 24
1396 4273 1531 4348 plagulas
1556 4293 1632 4332 eom·

425 4371 574 4447 plectitur,
596 4389 663 4428 cum
682 4369 759 4427 inter
780 4370 804 4426 Τ
830 4373 860 4427 et
875 4370 906 4426 X
928 4374 995 4446 post
1015 4370 1144 4429 lit-teram
1159 4372 1194 4444 V,
1217 4371 1305 4429 etiam
1321 4372 1359 4431 W
1380 4371 1515 4444 signandi
1541 4389 1630 4427 cansa

426 4469 610 4528 adhibeatur.
