3728 5726
438 543 525 598 XIrVI
895 544 1175 600 PROLEGOMENA.

437 693 498 753 atio
510 692 613 754 editoe
624 691 703 754 libri
712 703 781 755 trec.
793 693 884 756 Hunc
895 691 978 756 enim
987 690 1099 755 librum
1110 690 1180 773 viri,
1193 691 1246 772 qui
1262 696 1357 754 antea
1371 690 1495 755 auditor
1506 698 1538 756 et
1547 690 1641 756 disci-

438 804 531 888 pulus
550 825 624 870 suus
644 811 721 887 erat,
743 825 835 888 quem
856 805 1031 888 sagacitate
1051 806 1083 869 in
1107 805 1233 869 intimos
1250 825 1326 869 suae
1340 805 1529 888 disciplinae
1542 825 1636 870 reces-

438 939 490 985 sus
504 927 687 1004 penetrasse
699 921 844 1001 affirmat,
855 939 1023 986 recensens
1037 939 1126 984 suam
1140 920 1240 1003 ipsius
1250 918 1452 1002 disciplinam
1465 921 1620 1003 proponit.

520 1035 771 1100 Corrcordantiae
794 1027 884 1118 ipsae
906 1035 1052 1118 plagulas
1077 1037 1205 1096 1-154
1226 1040 1258 1098 et
1283 1037 1335 1094 155
1358 1034 1540 1117 dimidiam,
1567 1054 1639 1118 pag.

440 1152 591 1213 1-1236
613 1150 877 1234 complectuntur,
910 1169 1040 1231 quarum
1062 1148 1206 1232 singulae
1223 1126 1361 1232 paginae
1381 1148 1415 1212 in
1438 1155 1570 1230 quatuor
1591 1169 1640 1214 eo-

438 1266 562 1331 lumnas
589 1263 712 1329 divisae
734 1270 821 1344 sunt,
853 1263 946 1330 sicuti
967 1269 1064 1328 totum
1085 1283 1181 1346 opus,
1212 1282 1297 1327 more
1318 1263 1466 1328 hebraico
1488 1284 1508 1326 a
1529 1263 1641 1329 dextra

438 1379 481 1444 ad
501 1379 661 1444 sinistram
681 1378 927 1462 progredientes.
977 1379 1014 1441 In
1036 1378 1148 1442 ceteris
1168 1378 1305 1461 plagulis
1328 1378 1547 1460 sequentibus,
1573 1377 1639 1443 scil.

440 1498 496 1557 155
523 1493 658 1558 dimidia
683 1499 715 1558 et
742 1494 910 1555 rso-178
930 1499 961 1557 et
984 1494 1040 1554 179
1062 1491 1210 1573 dimidia,
1243 1512 1316 1575 pag.
1341 1494 1550 1555 tata-1428
1569 1513 1640 1558 eon-

438 1610 575 1674 tinentur
602 1614 671 1673 octo
691 1606 894 1692 Appendices
917 1607 1012 1672 etiam
1034 1606 1067 1670 in
1088 1606 1178 1670 titulo
1201 1605 1378 1672 indicatae:
1411 1609 1435 1671 Ι.
1452 1607 1553 1672 Index
1574 1614 1640 1691 ety-

439 1723 612 1806 mologicus
634 1725 677 1806 (p.
700 1723 930 1804 raet-1265),
952 1723 992 1786 II.
1006 1721 1241 1787 Onomasticum
1261 1741 1393 1805 sacrum,
1415 1717 1557 1790 in'cuius
1577 1721 1640 1786 fine

437 1838 566 1903 nomina
591 1843 685 1920 atque
707 1857 804 1921 opera
824 1841 1024 1902 recensentur
1044 1855 1166 1917 eorum,
1195 1836 1250 1918 qui
1270 1836 1302 1899 in
1323 1836 1520 1920 explicandis
1542 1837 1640 1901 nemi-

439 1953 533 2018 nibus
556 1953 621 2018 Sor.
638 1952 670 2016 S.
690 1951 829 2036 propriis
850 1951 1010 2033 hucusque
1032 1950 1288 2033 elaborauemnt3
1314 1957 1479 2034 praeterea
1499 1971 1641 2016 annexus

437 2074 491 2132 est
512 2066 660 2151 Syllabas
684 2067 846 2130 nominum
873 2065 1069 2149 propriorum
1088 2064 1478 2130 Phoenicio-Punicorum
1500 2068 1542 2150 (p.
1563 2067 1640 2128 1266

366 2160 369 2167 ¹
436 2183 594 2263 -1303.),
615 2181 672 2245 III.
684 2180 822 2246 Lexicon
836 2179 1038 2244 Aramaicum
1050 2184 1081 2244 et
1096 2179 1348 2244 Neohebraicum
1361 2181 1404 2263 (p.
1420 2182 1640 2261 raet-1321),

435 2298 489 2362 IV.
503 2295 629 2361 Tabula
649 2295 858 2378 etymologica
871 2294 1096 2358 Particularum
1110 2294 1334 2359 Hebraicarum
1359 2299 1391 2359 et
1403 2296 1640 2360 Aramaicarum

436 2414 479 2495 (p.
496 2411 723 2492 rena-1329.),
743 2409 780 2474 V.
792 2409 938 2492 Systema
954 2406 1123 2472 formarum
1136 2407 1340 2472 nominalium
1353 2410 1396 2493 (p.
1410 2410 1641 2491 1330-1361.),

393 2515 395 2520 ’
437 2528 489 2592 vr.
503 2525 680 2610 Propylaea
700 2524 846 2588 naorae
867 2526 910 2607 (p.
923 2523 1158 2606 racanas),
1178 2524 1246 2589 vn.
1272 2495 1368 2602 truh
1385 2527 1541 2591 orarunt
1561 2527 1638 2590 ano

437 2640 531 2727 bap
555 2640 584 2718 [i.
600 2638 742 2735 e.,Libe1·
762 2638 912 2703 historiae
931 2638 1059 2720 linguae
1081 2644 1226 2721 sanetae,
1260 2639 1313 2720 qui
1334 2639 1366 2703 in
1388 2639 1479 2704 titulo
1499 2638 1639 2722 appella-

437 2761 501 2819 tur:
534 2755 731 2822 Breviarium
759 2756 910 2821 historiae
937 2756 1171 2821 Grammaticae
1189 2757 1323 2836 Sacrae]
1347 2759 1391 2840 (p.
1408 2757 1640 2839 rasa-1395),

436 2869 524 2934 VIII.
536 2870 661 2935 Tabula
683 2871 899 2954 comparativa
918 2853 1061 2935 radicum
1080 2870 1255 2936 verbalium
1277 2871 1517 2954 Hebraicarum,
1546 2871 1639 2937 Chal-

436 2979 613 3067 daicarum,
646 2985 847 3069 Syriacamm
875 2991 907 3050 et
933 2984 1139 3049 Arabicarum
1165 2988 1208 3070 (p.
1232 2965 1470 3069 resedens).
1518 2987 1638 3052 Harum

435 3097 657 3180 Appendicum
677 3099 816 3183 paginae
837 3100 925 3164 varie
947 3099 980 3162 in
999 3099 1159 3164 columnas
1179 3098 1349 3164 distinctae
1368 3108 1454 3165 sunt:
1478 3101 1501 3164 I.
1512 3101 1546 3164 in
1562 3119 1638 3183 qua-

435 3218 515 3295 tuor,
535 3213 576 3277 II.
593 3212 647 3277 IV.
670 3213 708 3276 V.
730 3213 798 3278 VII.
820 3213 853 3277 in
876 3213 970 3294 duas,
998 3214 1054 3278 III.
1075 3214 1109 3277 in
1128 3233 1199 3295 sex,
1224 3215 1277 3278 VI.
1299 3215 1409 3279 maiori
1430 3221 1580 3299 exparte
1603 3216 1637 3279 in

437 3332 578 3408 quatuor,
598 3326 632 3390 in
653 3346 717 3409 seq.
728 3332 818 3411 parte
837 3327 974 3410 quadam
994 3329 1027 3392 in
1048 3334 1120 3410 tres,
1140 3328 1174 3392 in
1195 3333 1336 3393 extrema
1348 3329 1381 3393 in
1396 3328 1484 3410 duas,
1506 3330 1590 3395 VIII.
1603 3331 1637 3394 in

434 3440 530 3522 duas,
564 3461 695 3522 quarum
715 3460 858 3524 quaeque
879 3442 992 3506 iterum
1010 3443 1043 3506 in
1065 3447 1198 3525 quatuor
1217 3443 1377 3507 columnas
1398 3442 1503 3507 diuisa
1522 3450 1569 3508 est
1590 3464 1637 3510 se-

435 3554 573 3620 eundum
594 3560 727 3636 quatuor
746 3555 872 3639 linguas
892 3556 974 3620 inter
996 3575 1030 3621 se
1051 3539 1258 3640 comparatas.

487 3657 493 3666 ’
515 3670 552 3733 In
580 3669 630 3732 his
651 3668 891 3734 Concordantiis
918 3669 1042 3735 radices
1061 3670 1202 3734 cereales
1223 3671 1266 3735 ad
1285 3692 1381 3736 unam
1397 3691 1505 3737 omnes
1527 3673 1637 3739 ordine

412 3781 597 3865 alphabeti
625 3783 834 3866 etymologica
856 3783 1020 3866 sigillatim
1041 3771 1255 3868 percensenda
1278 3786 1473 3852 exhibentur.
1516 3788 1637 3871 Cuique

434 3895 535 3959 radici
555 3895 697 3961 subiecta
721 3903 793 3960 sunt
814 3896 974 3979 derivata,
993 3918 1075 3981 quae
1094 3898 1169 3964 inde
1191 3899 1345 3983 originem
1367 3900 1499 3982 ducunt,
1518 3909 1549 3966 et
1571 3908 1637 3967 tum

434 4009 593 4075 radicibus
619 4010 752 4093 singulis
774 4016 839 4075 tum
860 4011 1026 4094 derivatis,
1053 4012 1211 4080 distinctis
1230 4021 1393 4098 praeterea
1412 4017 1509 4082 variis
1530 4036 1636 4083 eorum

433 4106 541 4188 formis
563 4144 601 4188 ac
621 4123 828 4209 flexionibus,
861 4125 962 4190 additi
984 4133 1056 4192 sunt
1076 4147 1184 4192 omnes
1206 4129 1266 4194 loci
1287 4130 1410 4195 Veteris
1431 4131 1636 4214 Testamenti,

434 4239 467 4302 in
489 4238 602 4321 quibus
618 4259 769 4325 ,quaeque
792 4241 954 4325 reperitur,
975 4241 1145 4307 secundum
1162 4243 1311 4309 librorum
1325 4264 1481 4331 sacromm
1494 4246 1636 4311 ordinem

306 4349 312 4360 '
434 4353 590 4437 dispositi.
631 4355 749 4419 Horum
773 4355 921 4420 librorum
942 4357 1071 4420 nomina
1089 4377 1168 4440 non,
1199 4358 1292 4422 sicuti
1313 4358 1459 4441 Nathan,
1491 4360 1635 4425 Calasius

434 4473 466 4533 et
485 4441 673 4553 Buxtorfibs,
692 4469 849 4552 hebraice,
869 4470 934 4554 sed,
957 4473 1049 4538 sicuti
1069 4472 1203 4538 Noldius
1224 4478 1256 4538 et
1275 4474 1409 4558 Tympe,
1428 4474 1536 4560 latine,
1559 4476 1636 4540 item
