3728 5726
945 541 1017 595 PRO
1030 543 1238 595 LEGOMENA.

559 686 811 753 concordantiae
837 688 1013 754 Hebraicae
1033 689 1138 755 studio
1152 689 1298 755 Christ.
1321 690 1501 756 Crinesii
1523 688 1639 754 editae.

637 803 852 886 Wittebergae
875 805 961 867 1627.
985 807 1028 867 4⁰.

557 914 704 980 Manuale
727 915 1027 982 Concordantiarum
1049 916 1424 990 Hebraeo-Bibliearum.
1473 917 1639 982 Witteber-

637 1050 699 1113 gae
723 1032 810 1095 1653.
831 1033 873 1094 4⁰.

557 1160 643 1224 Fons
664 1160 742 1226 Sion
768 1161 836 1226 sive
858 1161 1158 1228 concordantiarum
1179 1161 1405 1227 Hebraicarum
1433 1167 1464 1228 et
1491 1161 1638 1228 Chaldai-

637 1294 744 1340 camm
771 1276 816 1340 Io.
834 1275 986 1340 Buxtorlii
1016 1276 1153 1359 epitome
1181 1275 1223 1339 ad
1248 1277 1347 1341 instar
1366 1276 1491 1361 herici,
1513 1281 1639 1342 auctore

636 1388 871 1454 Christiano
890 1390 1024 1454 Rario.
1064 1390 1203 1455 Berolini
1220 1395 1253 1455 et
1270 1391 1416 1457 Francof.
1441 1393 1526 1454 1677.
1548 1391 1590 1454 81.

556 1519 737 1585 Thesaums
757 1522 885 1605 linguae
909 1527 1038 1588 sanctae
1059 1541 1114 1586 seu
1135 1521 1396 1588 Concordantiale
1419 1522 1558 1588 Lexicon
1577 1522 1638 1586 He-

635 1634 1063 1718 braeo-Latino-Biblicum,
1085 1656 1149 1700 una
1169 1656 1239 1700 cum
1252 1636 1492 1702 Coucordautiis
1507 1635 1638 1701 Hebrai-

636 1749 692 1831 cis,
715 1749 876 1832 inquibus
898 1751 1064 1815 universae
1086 1756 1118 1815 et
1138 1751 1282 1834 singulae
1303 1771 1397 1816 voces
1417 1749 1638 1816 Hebraeo-Bi-

634 1862 738 1927 blicae
758 1883 828 1929 cum
843 1864 921 1929 locis
941 1865 1015 1946 suis,
1037 1865 1151 1947 quibus
1167 1866 1200 1929 in
1213 1871 1301 1930 textu
1319 1870 1493 1948 occurrunt,
1514 1884 1637 1928 enarra-

634 1982 686 2041 tae
707 1983 832 2042 suntet
853 1979 1024 2064 expositae,
1042 1985 1099 2044 etc.
1120 1999 1141 2043 a
1160 1979 1381 2045 Guillelmo
1403 1979 1637 2044 Robertson.

635 2090 773 2156 Londini
802 2093 886 2156 1680.
909 2096 951 2156 41.

555 2221 806 2287 0006001001100
828 2223 1107 2289 Hebraeo-sacrae
1136 2220 1225 2288 iuxta
1252 2225 1366 2289 seriem
1393 2225 1543 2306 cuiusque
1566 2245 1637 2289 con-

635 2338 814 2402 structionis
831 2324 1043 2422 Syntacticae‘,
1060 2343 1185 2403 auctore
1206 2339 1381 2404 Antonio
1402 2339 1456 2403 La
1461 2358 1637 2421 ymanno.

637 2454 674 2533 (s.
695 2452 729 2533 l.)
755 2454 840 2515 1681.
862 2452 929 2516 Fol.

434 2581 504 2646 Huc
523 2602 651 2665 quoque
673 2583 855 2647 referendus
876 2588 924 2648 est
946 2582 1026 2648 liber
1047 2583 1089 2648 ab
1109 2602 1147 2647 00
1165 2602 1195 2666 p.
1210 2584 1269 2644 456
1289 2583 1476 2647 recensitus:

553 2696 806 2763 Concordantiae
835 2697 945 2763 Chald.
971 2702 1003 2761 et
1031 2698 1099 2780 Syr.
1129 2717 1168 2762 ex
1191 2697 1274 2761 Dan.
1302 2702 1334 2761 et
1359 2697 1458 2761 Esrae
1480 2698 1638 2782 capitibus

633 2810 745 2876 Chald.
771 2812 897 2896 seriptis
930 2811 1034 2876 studio
1061 2811 1224 2876 Martini
1250 2812 1417 2875 Trostii.
1470 2812 1637 2877 Witteber-

634 2945 696 3008 gae
712 2929 797 2990 1617.
809 2929 852 2990 4⁰.

432 3055 550 3138 quippe
573 3055 658 3137 quod
680 3076 788 3121 omnes
811 3056 920 3122 horum
943 3057 1083 3140 capitum
1104 3075 1197 3121 voces
1218 3075 1238 3119 a
1257 3055 1418 3120 Buxtorfio
1440 3063 1471 3121 et
1491 3057 1637 3123 Fuerstio

432 3169 466 3232 in
489 3170 555 3235 suis
576 3170 817 3235 Concordantiis
838 3171 1016 3236 afferuntur.
1100 3163 1102 3168 ’

551 3302 601 3367 De
629 3302 835 3367 Friderici
863 3301 1095 3366 Lanckisch
1120 3301 1360 3366 Concordantiis
1382 3302 1555 3367 Bibliorum
1576 3302 1636 3366 He-

431 3416 558 3481 braico·
580 3421 611 3481 et
635 3417 982 3482 Graeco-Germanicis
1003 3415 1085 3480 infra
1109 3416 1142 3479 in
1163 3415 1224 3480 fine
1247 3436 1431 3499 graecarum
1453 3417 1606 3481 disseram

629 3635 679 3698 ΔΙΙ.
703 3634 954 3700 Concordantiae
975 3635 1059 3700 Novi
1082 3635 1280 3700 Testamenti
1301 3635 1427 3720 syriaci.

856 3769 993 3835 Caroli
1015 3769 1213 3834 Sohaafii.

513 3903 685 3970 Carolus
711 3903 866 3969 Schaaf
891 3905 997 3984 (natus
1024 3923 1052 3968 a.
1080 3907 1162 3969 1646.
1185 3906 1234 3969 28.
1262 3907 1342 3989 Aug.
1364 3906 1509 3971 Neussae
1537 3927 1636 3991 prope

430 4018 693 4102 Dusseldorpium
722 4019 755 4081 in
782 4038 858 4102 agro
879 4019 1076 4101 Coloniensi,
1107 4026 1274 4104 postquam
1295 4021 1328 4085 in
1348 4021 1523 4086 Academia
1543 4021 1636 4086 Duis-

430 4136 581 4218 burgensi
609 4134 727 4217 linguis
754 4133 961 4199 orientalibus
981 4153 1019 4198 00
1041 4134 1220 4218 theologiae
1241 4154 1369 4219 operam
1390 4134 1522 4200 dederat
1542 4141 1636 4219 atque

429 4250 505 4316 inde
525 4250 567 4315 ab
588 4270 617 4314 a.
643 4251 729 4312 1677.
751 4248 823 4313 illas
843 4247 962 4313 ibidem
983 4247 1147 4331 docuerat,
1172 4269 1200 4312 a.
1225 4251 1311 4312 1679.
1333 4248 1522 4332 Lugdunum
1541 4251 1635 4314 Bata-

428 4384 540 4431 vorum
560 4383 630 4429 sese
649 4363 759 4441 vertit,
786 4363 840 4427 ubi
862 4363 997 4446 primum
1018 4362 1147 4427 easdem
1168 4364 1317 4446 privatim
1338 4362 1489 4448 docebat,
1519 4364 1636 4430 deinde

429 4480 553 4544 alost
585 4498 693 4543 earum
721 4478 835 4562 lector,
866 4477 1002 4560 denique
1029 4477 1130 4543 serius
1148 4477 1309 4544 Professor
1326 4477 1505 4561 linguarum
1524 4479 1634 4544 orient.
