3728 5726
384 507 457 558 LXX
844 503 1124 558 PROLEGOMENA.

423 653 456 732 2)
478 651 575 732 Idem,
595 650 659 715 lilio
682 655 771 732 teste,
788 656 935 733 expertus
956 655 1033 728 erat,
1054 649 1087 712 in
1108 653 1258 730 quantam
1280 646 1496 710 auctoritatem
1516 664 1586 726 gra-

382 765 522 846 tiamque
541 764 661 829 venerit
680 765 842 827 inventum
862 783 962 844 suum,
983 783 1044 845 quo
1066 762 1214 826 librorum
1228 760 1414 826 biblieorum
1427 759 1534 842 eapita
1553 759 1585 821 in

383 878 553 944 versiculos
574 877 785 942 subdiviserat
805 876 859 956 (de
877 897 939 960 quo
959 877 1042 941 inl'ra
1062 876 1190 956 dinam).

423 994 455 1071 3)
478 991 562 1074 Ergo
583 997 670 1055 oerta
690 1010 762 1075 spes
783 991 845 1074 ipsi
874 997 950 1072 erat,
972 988 1221 1055 Conoordantias
1243 1007 1375 1070 graecas
1395 1006 1452 1071 per
1473 1006 1507 1052 se
1529 987 1587 1050 uti-

382 1103 520 1169 lissimas
540 1103 637 1169 multo
657 1104 761 1186 magis
776 1104 843 1168 l'ore
865 1109 1027 1187 aeeeptas,
1055 1105 1082 1168 si
1108 1103 1217 1168 leetori
1243 1103 1300 1166 illa
1321 1102 1460 1185 capitum
1481 1100 1586 1166 subdi-

382 1217 505 1282 visione
531 1216 699 1282 diffieultas
729 1237 884 1300 quemque
909 1217 1011 1282 loeum
1031 1218 1064 1280 in
1086 1217 1126 1281 iis
1148 1216 1278 1281 allatum
1302 1217 1335 1280 in
1360 1216 1478 1281 Codiee
1497 1235 1587 1279 saero

382 1330 559 1413 reperiendi
589 1337 815 1413 removeretur;
850 1351 981 1414 eamque
1008 1331 1050 1396 ob
1077 1348 1205 1395 eausam
1229 1330 1377 1395 studebat
1404 1329 1465 1394 hae
1491 1328 1524 1392 in
1553 1349 1586 1393 re

381 1442 458 1506 elri's
476 1444 624 1506 erunibus
641 1456 838 1508 antevertere.

423 1559 454 1638 4)
476 1557 552 1622 Sine
579 1557 675 1623 dnbio
702 1558 874 1641 intellexit,
903 1565 1025 1623 tantum
1055 1579 1134 1643 opus
1161 1559 1201 1623 de
1230 1578 1312 1624 novo
1334 1558 1497 1622 elaborare
1518 1578 1585 1642 per-

381 1671 511 1735 multum
532 1673 681 1755 temporis
702 1692 741 1737 ao
760 1673 877 1738 laboris
898 1673 1039 1755 exigere,
1074 1679 1105 1736 et
1135 1673 1261 1737 facilius
1288 1672 1476 1754 breviusque
1506 1692 1585 1753 esse,

380 1786 535 1851 eiusmodi
555 1807 633 1871 opus
655 1788 813 1870 quoddam
841 1788 963 1852 linitum
984 1788 1164 1870 editumque
1193 1788 1399 1872 r'rrteqnolerr²
1428 1799 1456 1849 et
1483 1811 1585 1850 acees-

380 1903 468 1964 m'one
489 1902 600 1988 alique
621 1914 744 1964 neotum
767 1902 870 1967 denuo
888 1904 985 1965 edere.

420 2016 452 2093 5)
474 2014 572 2079 Novit
592 2035 684 2096 sane,
706 2021 780 2080 tune
802 2017 951 2099 temporis
973 2036 1069 2081 unum
1091 2017 1155 2080 tale
1177 2035 1256 2100 opus
1275 2022 1409 2098 exstare,
1437 2013 1587 2080 videlieet

380 2130 501 2211 Xysti
523 2130 721 2211 Betuleii,
747 2151 916 2213 quamqum
938 2151 1052 2196 nomen
1076 2132 1213 2196 auotoris
1232 2131 1265 2194 in
1287 2131 1377 2198 titulo
1398 2130 1482 2194 olare
1504 2129 1584 2193 indi-

381 2250 483 2307 eatum
504 2249 631 2308 tacetur.
673 2244 722 2308 Ea
743 2245 837 2325 enim,
857 2246 985 2326 quaein
1007 2246 1062 2310 illo
1082 2244 1288 2329 praefationis
1308 2244 1376 2308 loeo
1396 2242 1437 2307 de
1452 2239 1585 2328 quodem

380 2381 488 2440 opere,
515 2360 571 2421 eue‘
588 2371 697 2420 erector
718 2382 829 2421 eernere
858 2360 1163 2422 (s'orreorrtentrorum
1193 2361 1406 2442 deposuisset,
1431 2377 1501 2422 cum
1526 2357 1584 2422 Be-

380 2471 468 2537 tuleii
489 2472 728 2538 Concordantiis
749 2493 867 2556 magna
884 2493 924 2537 ex
945 2480 1035 2557 parte
1056 2478 1244 2556 congruunt:

460 2586 492 2665 a)
504 2585 710 2669 Vituperati0‚
731 2586 816 2668 quod
838 2586 932 2649 eculeo
954 2589 1060 2651 ruamus
1077 2586 1200 2650 alieubi
1211 2611 1305 2672 quern
1324 2587 1493 2650 deinr'cle'errr
1505 2586 1584 2648 loeo·

528 2725 598 2764 rem,
606 2713 732 2784 partem
746 2702 873 2783 habeat,
894 2702 960 2766 iere
974 2702 1060 2768 eadit
1081 2722 1107 2766 6.
1128 2723 1154 2767 6.
1176 2703 1209 2766 16
1229 2722 1343 2767 nomen
1359 2696 1511 2783 Ἀβραάμ,
1531 2700 1586 2765 ubi

528 2815 688 2879 Betuleius
710 2816 863 2897 3916666,
886 2814 1040 2899 Stephani
1061 2815 1312 2882 concordantiae
1335 2818 1374 2879 (16
1392 2816 1476 2880 16666
1497 2816 1584 2880 exhi-

528 2929 612 3012 bent,
633 2929 666 2994 in
687 2949 795 2994 vooem
816 2925 944 3011 ἄγαμος,
964 2932 1018 2996 ubi
1036 2931 1104 2996 Bet.
1119 2933 1147 3013 2,
1167 2930 1276 3016 Steph.
1296 2931 1434 3012 5habet,
1455 2931 1531 2996 item
1549 2931 1581 2994 in

529 3063 637 3109 voeem
660 3041 823 3125 ἀγαπητός,
846 3046 1053 3126 61)1Β61.411,
1073 3045 1181 3130 Steph.
1202 3050 1238 3109 61
1258 3047 1374 3113 affert..

457 3158 491 3238 b)
505 3157 622 3237 Error,
642 3160 701 3222 ebt
717 3161 807 3222 uerbo
831 3157 1012 3240 ἠβουλήθην
1033 3161 1135 3224 thence
1157 3162 1253 3224 detur
1274 3157 1470 3240 ἅβουλέομαι,
1498 3161 1583 3225 inve-

528 3272 612 3337 nitur
632 3273 666 3336 16
686 3273 831 3338 columna
853 3277 877 3338 l.
899 3274 1020 3357 primae
1038 3274 1177 3358 paginae
1199 3275 1304 3359 operis
1325 3274 1512 3340 Betuleiani.

417 3389 448 3467 6)
469 3386 521 3451 Ad
539 3387 617 3452 haee
634 3388 766 3469 aceedit,
787 3387 872 3470 quod
892 3389 985 3453 Henr.
1008 3389 1189 3472 Stephanus
1211 3389 1265 3454 illo
1291 3390 1360 3454 loeo
1381 3393 1504 3473 patrem
1525 3390 1584 3454 Ro-

376 3502 498 3566 bertum
520 3507 678 3566 auetorem
700 3500 827 3582 quidem
849 3501 979 3564 eoem'tr'r'
997 3502 1161 3584 designat,
1183 3503 1248 3568 tale
1268 3523 1347 3587 opus
1368 3504 1497 3567 invento
1519 3522 1585 3585 suo,

377 3616 516 3699 eapitum
536 3614 769 3697 subdivisione,
792 3616 978 3681 instruetum
999 3623 1073 3682 ante
1094 3617 1174 3683 alios
1196 3617 1305 3697 edere,
1329 3617 1458 3681 minime
1479 3624 1583 3682 autem

376 3730 476 3813 ipsius
496 3729 600 3813 operis
622 3736 793 3812 auctorem,
811 3750 913 3812 neque
934 3750 968 3794 66
990 3731 1094 3814 ipsum
1116 3751 1247 3813 usquam
1265 3732 1333 3797 eius
1351 3738 1509 3796 auctorem
1529 3752 1583 3795 no-

375 3844 483 3909 minat.
524 3845 561 3907 ln
588 3845 686 3908 altero
715 3845 922 3926 praelationis
949 3846 1017 3910 loeo
1046 3845 1141 3910 allato
1169 3845 1263 3911 refert
1290 3851 1429 3928 tantum,
1461 3851 1584 3930 patrem

375 3958 448 4023 huie
470 3958 550 4022 libro
572 3981 768 4042 quorumnam
791 3961 963 4022 arrrr‘ooram
985 3960 1107 4023 arere'le‘o
1130 3960 1346 4044 Apperrde'eern
1373 3961 1487 4024 (rddere
1518 3961 1584 4043 qui-

375 4073 448 4138 dem
468 4073 618 4147 voluisse,
641 4072 697 4137 sed
718 4093 781 4137 non
802 4073 925 4156 l'eoisse,
947 4081 1029 4139 etse
1051 4075 1154 4158 ipsum
1172 4094 1296 4157 quoque
1315 4076 1356 4140 ab
1377 4076 1492 4154 haere
1513 4093 1583 4139 6666

375 4187 571 4271 impeditum.

416 4305 448 4384 7)
469 4304 536 4368 Has
556 4303 597 4367 ob
616 4322 728 4367 oausas
749 4303 854 4367 nullus
870 4302 990 4384 dubito,
1013 4304 1088 4384 quin
1110 4303 1246 4368 iudioem
1262 4324 1340 4387 opus
1364 4304 1583 4368 Betuleianum

375 4417 486 4481 harum
509 4417 807 4485 Concordantiarum
828 4418 868 4482 ab
884 4417 978 4482 Heur.
994 4416 1155 4500 Stephano
1177 4417 1331 4483 editarum
1345 4418 1583 4484 fundamentum
