3728 5726
697 542 979 594 PROLEGOMENA.
1375 545 1440 596 LIII

237 693 375 752 mentum
403 707 551 771 graecum
577 709 616 753 ex
645 689 790 754 versione
815 689 905 754 LXX
923 689 1126 774 interpretum
1149 710 1219 754 cum
1239 690 1440 774 apocryphis,

237 800 351 865 autad
373 803 498 868 Novum
518 803 754 868 Testamentum
774 823 922 887 graecum
944 804 1153 888 pertinentes,
1177 824 1256 886 quas
1274 824 1357 868 nunc
1377 804 1439 868 sin-

238 897 329 998 gulas
349 917 527 982 recensebo.
1384 930 1385 933 ’

394 1137 422 1181 a.
448 1116 699 1183 Concordantiae
730 1118 851 1182 Veteris
878 1119 1073 1183 Testamenti
1101 1119 1207 1201 graeci
1239 1139 1277 1184 ex

469 1232 614 1297 versione
626 1247 700 1296 Lxx
714 1233 923 1315 Interpretum
938 1253 1009 1297 cum
1021 1233 1221 1316 apocryphis.

619 1371 644 1432 1.
666 1369 841 1434 Conradi
861 1368 1061 1434 Kircheri.

319 1503 527 1568 Conradus
549 1503 720 1569 Kircher
736 1506 939 1588 Augustanus
954 1504 1126 1585 (Parochus
1148 1504 1441 1570 ecclesiae-Donau-

237 1617 453 1698 woerthanae,
485 1623 597 1701 postea
616 1619 864 1700 Jaxthusanae),
896 1620 1015 1704 Xysti
1042 1619 1226 1684 Betuleii
1255 1619 1443 1703 Augustani,

215 1711 219 1718 ⁸
238 1732 366 1815 cognati
385 1731 450 1811 sui,
471 1752 566 1814 opere
587 1733 670 1797 int’ra
689 1732 897 1798 describendo
921 1734 1085 1816 incitatae,
1109 1733 1274 1798 consilium
1295 1733 1388 1817 cepit,
1408 1731 1442 1797 id

239 1845 323 1929 quod
351 1847 406 1910 ille
428 1845 668 1913 Concordantiis
688 1848 753 1913 suis
776 1848 860 1913 Novi
884 1849 1079 1913 Testamenti
1099 1848 1206 1930 graeci
1228 1846 1331 1912 studio
1353 1867 1441 1931 prae

239 1957 363 2042 ¹stiterit,
383 1961 478 2025 simili
499 1981 593 2045 opere
606 1962 729 2027 Veteris
750 1963 857 2046 graeci
877 1962 981 2027 studio
1002 1962 1195 2046 praestandi.
1237 1962 1287 2026 De
1300 1962 1360 2026 hoe
1372 1981 1442 2045 pro-

238 2076 341 2160 posito
367 2074 525 2140 meditans
552 2076 726 2159 reputavit,
763 2076 833 2142 sine
861 2082 949 2142 textu
975 2076 1123 2142 hebraico
1152 2075 1238 2141 baud
1257 2075 1392 2140 feliciter
1407 2075 1441 2139 in

240 2189 353 2255 Bibliis
380 2190 520 2272 graecis,
553 2190 748 2256 hebraismos
778 2191 811 2256 in
833 2191 903 2276 ipso
924 2211 1066 2256 sermone
1087 2211 1201 2274 graeco
1219 2189 1443 2274 resipientibus

241 2324 297 2369 nos
319 2304 449 2369 versari.
489 2305 601 2387 Itaque
622 2305 713 2369 duxit
734 2326 849 2390 operae
871 2306 1006 2389 pretium
1025 2285 1195 2385 facturum,
1216 2305 1269 2386 qui
1290 2302 1445 2369 eiusmodi

240 2417 489 2512 Concordantias
507 2419 666 2502 scriberet,
687 2421 800 2504 quibus
820 2421 912 2485 simul
934 2426 966 2485 et
986 2419 1202 2505 hebraicorum
1217 2425 1249 2484 et
1261 2437 1444 2501 graecorum

239 2533 462 2598 ‘vocabulorum
490 2553 532 2608 en¹
551 2535 583 2601 S.
603 2535 784 2619 Scripturae
807 2535 884 2600 locis
904 2535 1103 2600 collationem
1123 2533 1310 2598 institueret.
1352 2533 1444 2597 Hunc

240 2649 273 2711 in
295 2647 390 2712 linem
410 2649 508 2714 verba
528 2655 560 2713 et
581 2649 709 2714 nomina
729 2649 895 2733 inquirere,
916 2649 982 2714 suis
1003 2649 1123 2714 cellulis
1140 2647 1317 2730 includere,
1338 2667 1444 2712 nume-

241 2762 285 2826 ris
304 2762 404 2827 solum
418 2763 544 2847 singula
557 2765 754 2848 consignare,
775 2765 887 2829 iterum
901 2764 1088 2846 describere,
1110 2768 1142 2828 et
1156 2746 1337 2827 thesaurum
1351 2762 1445 2827 istum

242 2876 336 2942 avide
345 2877 492 2960 colligere
500 2879 614 2962 coepit.
636 2880 717 2944 Fere
725 2880 890 2964 septennio
899 2879 945 2944 sic
953 2884 1080 2962 peracto
1088 2877 1226 2942 numeris
1234 2876 1332 2941 verba
1341 2880 1446 2941 textus

242 2991 421 3075 adscripsit,
440 2993 616 3076 grandique
636 2994 744 3059 labore
765 2994 926 3059 exantlato
947 2992 1197 3059 Concordantias
1217 3011 1291 3056 suas
1310 2990 1422 3055 finivit.

322 3105 391 3170 Hoc
415 3126 503 3189 opus,
515 3107 614 3200 quod,
634 3108 714 3174 sicut
737 3109 889 3189 Betuleii,
909 3107 1115 3191 Augustanae
1131 3105 1339 3188 Reipublicae
1361 3103 1445 3169 dica-

242 3225 308 3285 tum
333 3226 398 3303 est,
429 3220 548 3304 prodiit
571 3223 603 3286 in
632 3224 711 3288 duas
733 3229 839 3306 partes
860 3223 978 3289 formae
999 3219 1219 3304 quaternariae
1243 3219 1445 3284 distributum

242 3355 272 3398 a.
297 3337 382 3398 root.
404 3335 462 3400 sub
482 3336 540 3401 hoc
562 3337 668 3403 titulo:

368 3449 619 3516 Concordantiae
637 3453 641 3533 l
659 3451 783 3518 Veteris
800 3452 805 3533 l
824 3451 1019 3516 Testamenti
1037 3451 1041 3530 Ι
1060 3451 1211 3531 Graecae,
1231 3446 1364 3513 Ebraeis
1376 3447 1380 3528 l
1394 3467 1447 3512 vo-

443 3565 533 3630 cibvs
551 3571 556 3646 l
574 3565 809 3650 respondentes,
827 3567 831 3643 l
849 3562 1066 3646 πολύχρηστοι.

801 3695 911 3746 SIMVL
930 3693 1022 3744 ENIM
1042 3693 1089 3746 ET

447 3800 569 3854 Leainon
590 3801 852 3869 Ebraicolotinam,
874 3800 1150 3870 Ebraicopraecum,
1175 3798 1449 3856 Graeeoebrat'cam:

443 3898 595 3964 pertoinam
622 3896 822 3952 uocabulorum
850 3897 955 3968 siprtifi·
982 3894 986 3970 l
1013 3876 1164 3962 amionem,
1202 3913 1236 3951 ea
1263 3893 1450 3964 Septoapinta

447 3994 578 4054 douram,¹
592 4002 620 4047 ot
639 3993 724 4062 culpo
745 3993 851 4059 colant,
872 3993 1055 4062 interpretum
1079 3993 1138 4062 (uel
1157 3993 1231 4058 istis,
1247 4006 1302 4060 pro
1318 3998 1449 4060 tempore,

447 4090 646 4160 deficientibus,
660 4107 694 4144 ea
705 4088 824 4160 Aquilae
836 4103 1046 4158 norrnunqaam,
1058 4091 1101 4144 ont
1113 4081 1284 4158 Symmachi,
1302 4086 1347 4141 cel
1365 4085 1449 4140 Theo·

446 4186 586 4253 dationis)
609 4186 800 4241 translatione
824 4201 872 4256 pe·
892 4181 896 4259 Ι
916 4187 1013 4239 titum:
1050 4185 1257 4254 homonymiam
1277 4199 1311 4237 ac
1329 4198 1451 4251 synony-

446 4283 532 4335 miam
555 4279 694 4336 Graecam
710 4290 736 4335 et
756 4280 918 4336 Ebraearn:
941 4281 1008 4350 qaia
1028 4289 1052 4334 et
1071 4281 1287 4336 Ebraismorttm
1305 4279 1451 4332 coriorum

446 4392 490 4430 ea·
516 4376 519 4450 l
548 4377 744 4446 placationem
788 4373 946 4432 Graecam:
999 4374 1228 4442 Gruterismomm
1268 4375 1451 4430 elocutionem

445 4473 605 4530 libratam:
639 4483 665 4530 et
691 4475 733 4530 sic
762 4462 950 4552 διασάφησιν
976 4469 1082 4528 Veteris
1110 4480 1136 4526 ct
1152 4471 1250 4542 lVom‘⁴
1273 4469 1452 4542 Testamenti,
