3728 5726
298 559 303 568 -
387 535 505 586 -nxxn
590 507 595 514 ’
681 534 725 576 .·
861 536 1143 603 rsonnoonnus.

403 680 568 762 sequentia
583 685 586 694 ⁴
601 681 750 747 exhibent
781 681 876 746 Henr.
909 681 1063 764 Stephani
1095 681 1327 747 dedicationem
1360 679 1403 744 ad
1430 679 1607 763 Principem

404 791 594 892 Mauritium,
613 792 748 858 Hassiae
760 793 1006 875 Landgravium,
1029 793 1159 877 eiusque
1173 793 1399 878 praefationem
1421 811 1477 858 seu
1491 792 1607 878 episto-

403 907 468 970 lam
490 906 532 970 ad
560 907 717 989 lectorem,
744 908 855 972 folium
874 908 1069 990 subsequens
1090 907 1197 974 album
1219 914 1275 972 est.
1316 908 1345 973 A
1365 906 1418 972 fol.
1439 908 1468 973 A
1488 908 1501 967 1
1525 905 1607 970 ordi-

405 1025 498 1084 untur
524 1020 775 1088 Concordantiae
803 1021 909 1106 ipsae,
936 1023 964 1086 A
986 1025 1024 1082 2³
1058 1020 1154 1087 habet
1180 1041 1340 1087 nnmerum
1370 1019 1558 1104 superiorem
1578 1023 1608 1101 3,

405 1134 494 1196 Abb
519 1136 570 1215 10,
602 1133 631 1197 A
659 1135 805 1198 db—YY
828 1138 879 1215 θ’,
912 1135 944 1199 in
973 1135 1062 1200 cuins
1083 1134 1187 1225 medio
1214 1154 1294 1228 opus
1312 1133 1434 1215 finitur,
1465 1153 1609 1198 numeros

408 1248 444 1309 12
457 1248 567 1328 -535‚
587 1247 698 1312 ultima
720 1245 915 1331 pag‘vacat.
956 1248 1097 1322 Maxima
1119 1269 1193 1334 pars
1215 1248 1354 1332 paginae
1376 1249 1433 1311 534
1448 1253 1478 1312 et
1496 1268 1526 1330 p.
1539 1249 1608 1310 535.

313 1437 320 1451 ·
407 1361 569 1426 continent
589 1362 817 1447 Supplementa
837 1364 903 1428 suis
927 1364 1004 1429 locis
1025 1364 1249 1439 interserenda.

434 1535 436 1539 ,
486 1476 593 1540 Prima
613 1475 912 1542 Concordantiarum
934 1478 1054 1562 pagina
1074 1479 1120 1543 sic
1142 1479 1295 1563 inscripta
1309 1484 1372 1544 est:

527 1590 680 1655 Reoensio
701 1592 840 1656 omnivm
860 1593 945 1658 Test.
967 1593 1050 1658 Novi
1069 1595 1073 1673 Ι
1091 1593 1237 1675 locorvm,
1259 1594 1292 1657 in
1312 1593 1426 1676 qvibvs
1443 1612 1539 1662 vnvm
1557 1596 1561 1672 Ι
1579 1597 1611 1657 et

607 1700 692 1771 idem
714 1706 902 1771 vocabulum
924 1706 1047 1789 legitur.
1066 1706 1179 1791 Ιύιιζᾳο
1202 1707 1321 1788 dubim}
1344 1706 1608 1784 donordaaa'ael

612 1819 807 1883 Testamenti
824 1820 922 1882 Noor'.
942 1822 946 1899 Ι
970 1820 1008 1883 ln
1024 1818 1076 1884 his
1096 1818 1173 1902 quid
1194 1819 1380 1902 praestitum
1401 1820 1448 1900 sit,
1469 1818 1611 1903 praefixa

608 1931 651 1996 ad
672 1931 818 1997 lectorem
838 1933 973 2016 epistola
993 1932 1093 1998 docet.

280 2097 282 2102 .
408 2046 510 2111 Huius
530 2047 634 2129 operis
647 2047 785 2131 paginae
796 2047 829 2110 in
841 2053 904 2111 tres
916 2047 1078 2112 columnas
1091 2046 1213 2112 divisae
1225 2054 1306 2130 sunt,
1328 2068 1457 2130 quarum
1469 2067 1612 2130 quaeque

409 2161 521 2226 iterum
541 2162 574 2225 in
596 2162 688 2226 binas
708 2162 801 2228 lineis
821 2167 985 2245 separatas
1007 2161 1171 2226 subdivisa
1187 2167 1250 2226 est:
1287 2183 1382 2226 unam
1405 2167 1572 2245 angustam
1592 2183 1613 2226 a

410 2275 538 2340 sinistra
558 2277 711 2359 positam,
740 2277 773 2340 in
801 2296 864 2359 qua
892 2277 1031 2360 capitum
1057 2295 1264 2359 versuumque
1292 2277 1412 2344 numeri
1433 2277 1613 2358 afferuntur,

410 2388 541 2455 alteram
561 2410 582 2453 a
602 2389 728 2472 dextra,
757 2391 853 2455 multo
874 2391 1033 2472 latiorem,
1055 2391 1088 2454 in
1109 2410 1173 2473 qua
1195 2411 1291 2456 voces
1311 2410 1444 2474 graecae
1463 2391 1612 2474 alphabe

408 2504 471 2569 tico
493 2523 549 2569 suo
567 2503 676 2569 ordine
697 2504 885 2587 dispositae,
916 2525 1058 2588 quaeque
1084 2525 1154 2570 oum
1179 2499 1281 2570 latina
1300 2505 1558 2588 interpretatione
1582 2510 1615 2569 et
1672 2555 1676 2561 .

409 2618 583 2683 subiunctis
603 2619 681 2682 locis
697 2619 737 2683 N.
758 2618 806 2700 T,
820 2608 865 2682 'in
887 2618 1001 2701 quibus
1023 2619 1234 2702 reperiuntur,
1265 2639 1360 2702 supra
1382 2637 1436 2683 eos
1457 2619 1489 2682 in
1508 2618 1612 2684 medio

408 2733 518 2798 lineae
532 2732 613 2797 liber
632 2733 783 2814 biblicus,
806 2753 936 2816 ,ex-quo
956 2734 1045 2798 allati
1069 2739 1149 2814 sunt,
1177 2733 1342 2800 iudicatur.
1383 2733 1522 2798 Nomina
1542 2753 1611 2816 pro-

294 2867 300 2885 ¹
410 2847 495 2930 pria,
527 2847 581 2911 uhi
605 2847 832 2931 ¹inscriptiones
864 2852 951 2929 sunt,
984 2847 1097 2912 litteris
1125 2847 1317 2928 uncialibus,
1348 2867 1430 2929 quae
1458 2846 1613 2928 dicuntur,

409 2960 560 3026 distincta
587 2967 660 3026 sunt
687 2981 713 3026 e.
735 2982 760 3027 c.
788 2956 947 3045 A''BEA,
979 2971 1102 3027 ceterae
1128 2981 1222 3028 voces
1248 2962 1420 3046 inscriptae
1448 2961 1614 3045 inprimis

412 3079 449 3137 15
471 3075 599 3158 paginis
620 3076 738 3140 nullam
759 3076 876 3142 habent
899 3077 1143 3160 distinctionem,
1164 3096 1227 3159 qua
1247 3077 1372 3142 facilius
1389 3094 1613 3159 cognosceren-

411 3196 469 3272 tur,
489 3209 563 3273 pag.
587 3193 725 3255 16-20.
747 3211 784 3256 eo
805 3191 1048 3275 distinguuntur,
1068 3190 1268 3274 quodetiam
1288 3190 1427 3256 secunda
1446 3190 1533 3255 vocis
1564 3189 1613 3254 lit-

411 3311 480 3370 tera
500 3305 611 3369 maiori
632 3305 832 3389 exprimitur,
860 3312 894 3370 ut
915 3300 1068 3386 AT‘ymg,
1095 3302 1282 3386 ΑΓγιαλός,
1311 3300 1457 3380 ΑΓδώς,
1486 3289 1613 3383 Albio,

411 3419 487 3486 inde
508 3439 528 3484 a
550 3439 623 3503 pag.
646 3422 704 3501 25,
732 3419 808 3484 inde
835 3440 855 3484 a
874 3420 971 3485 verbo
993 3417 1186 3481 Ἀκολουθέω
1208 3439 1265 3504 per
1286 3425 1384 3485 totum
1404 3440 1483 3504 opus
1504 3419 1614 3484 eodem

411 3535 502 3616 signo
520 3534 659 3617 praefixo
680 3535 929 3619 distinguuntur,
951 3533 1035 3616 quod
1056 3535 1089 3598 in
1107 3533 1505 3600 BetuleiiOoncordantiis
1526 3533 1615 3596 adhi-
1638 3573 1641 3579 ι

412 3649 502 3714 betur
522 3653 555 3713 ct
575 3647 617 3712 ad
636 3649 709 3713 illas
729 3669 825 3732 supra
846 3670 877 3733 p.
891 3665 988 3715 LXVI.
1010 3648 1200 3732 descriptum
1222 3654 1279 3714 est.
1310 3649 1415 3716 Etiam
1426 3648 1616 3714 Nominibus

410 3763 546 3846 propriis
562 3759 735 3847 praefixum
753 3770 810 3828 est.
968 3755 974 3766 '

493 3877 542 3942 De
562 3877 662 3942 latina
674 3878 941 3962 interpretatione,
961 3898 1043 3961 quae
1057 3880 1202 3946 omnibus
1221 3879 1344 3963 graecis
1358 3879 1489 3944 vocibus
1507 3878 1616 3958 (etiam

412 3992 601 4057 Nominibus
628 3993 792 4076 propriis),
819 3993 873 4058 ubi
898 3993 1138 4076 inscriptionum
1162 3993 1263 4059 instar
1289 3993 1474 4074 afferuntur,
1506 3992 1618 4058 addita

413 4113 469 4190 est,
491 4107 586 4171 Henr.
608 4107 788 4191 Stephanus
809 4108 842 4171 in
864 4108 921 4172 illa
940 4107 1136 4191 praefatione
1157 4107 1250 4173 refert
1271 4107 1402 4172 haecce:
1445 4107 1616 4190 „Adiungi-

346 4241 351 4253 ·
412 4228 462 4288 tur
487 4223 654 4304 unicuique
675 4223 828 4287 vocabulo
848 4228 880 4286 et
897 4242 955 4286 sua
974 4222 1191 4306 interpretatio
1214 4223 1339 4302 Latina,
1362 4228 1425 4304 aut,
1446 4223 1500 4287 ubi
1521 4242 1616 4286 unum

412 4337 518 4421 plures
539 4337 650 4420 habet,
678 4337 892 4420 adiunguntur
915 4337 945 4402 ei
973 4356 1049 4401 suae
1077 4337 1365 4421 interpretationes,
1387 4357 1404 4401 e
1425 4336 1617 4402 doctissimis

412 4453 588 4536 quibusque
610 4452 849 4537 interpretibus:
882 4453 1051 4530 nonnullae
1072 4452 1166 4518 etiam
1189 4471 1228 4518 ex
1249 4451 1305 4516 illa
1330 4471 1402 4517 mea
1422 4451 1616 4517 Testamenti
