3738 5720
700 546 981 603 PROLEGOMENA.
1366 552 1444 606 XVII

237 697 297 762 Hic
316 696 434 778 titulus,
455 697 544 762 ouius
566 697 670 781 prima
688 695 874 781 lineatypis
890 697 1048 762 hebraicis
1067 697 1191 765 mediae
1207 699 1447 783 magnitudinis,

238 811 406 877 duodecim
417 817 584 894 sequentes
598 810 771 875 rabbinicis
787 811 970 892 minoribus,
985 817 1134 894 extrema,
1153 813 1255 878 locum
1266 814 1444 894 (Venetiae)

238 925 392 1006 indicans,
414 925 502 1010 typis
524 924 682 990 hebraicis
699 925 870 990 maioribus
881 926 1057 1011 exscriptus
1070 933 1127 1008 est,
1143 927 1248 992 verbis
1263 928 1381 992 Psalmi
1399 930 1444 1009 19,

238 1042 265 1106 8.
275 1043 314 1124 9.,
336 1061 418 1124 quae
440 1040 554 1106 iisdem
576 1040 749 1105 maioribus
769 1041 856 1124 typis
877 1041 964 1106 hebr.
979 1042 1139 1126 exscripta
1158 1049 1241 1125 sunt,
1263 1042 1309 1107 ita
1324 1042 1445 1108 cinctus

237 1142 293 1237 est,
308 1162 342 1220 ut
354 1156 441 1239 prior
455 1154 562 1220 media
574 1175 648 1238 pars
661 1139 771 1220 versus
789 1155 832 1219 8.:
853 1156 936 1222 illm
952 1157 1100 1220 02*th
1117 1159 1261 1221 nomo
1281 1159 1321 1198 'll
1343 1157 1443 1222 otto
1506 1132 1509 1138 ’

236 1290 332 1355 supra
353 1270 487 1352 titulum,
507 1269 608 1333 altera
627 1268 734 1334 media
754 1289 829 1352 pars
850 1269 943 1333 huius
967 1288 1090 1334 versus:
1122 1271 1262 1337 77373Νέ
1282 1260 1321 1310 '³³
1336 1269 1444 1336 ot'ltt

238 1387 305 1450 *nu
333 1386 508 1450 ΜὉΠΌ
530 1382 573 1447 ad
590 1384 767 1467 sinistram,
794 1404 815 1447 a
840 1403 960 1448 summo
981 1383 1023 1447 ad
1045 1385 1156 1467 imum3
1186 1384 1291 1468 priora
1313 1389 1446 1465 quatuor

237 1499 335 1564 uerba
370 1517 480 1562 versus
519 1499 561 1562 9.:
614 1500 768 1563 *nauto
786 1533 793 1546 ·
811 1500 937 1566 otum*
978 1489 1017 1540 'u
1064 1501 1175 1589 *lupo
1211 1497 1294 1564 inl'ra
1320 1497 1445 1561 titulum

236 1612 322 1695 typis
336 1612 482 1695 inversis,
503 1611 624 1694 reliqua
647 1610 789 1677 ciusdem
809 1630 918 1678 versus
939 1612 1050 1676 verba:
1077 1613 1161 1677 7173
1190 1611 1229 1654 'll
1254 1613 1363 1678 utun
1388 1584 1443 1676 2²>

201 1751 203 1758 ⁴
238 1727 347 1793 ΜΨ
378 1727 514 1791 ouran
545 1724 588 1788 ad
605 1724 759 1808 dextram,
779 1725 820 1790 ab
841 1725 904 1790 imo
924 1725 966 1790 ad
987 1745 1151 1806 summum,
1171 1725 1325 1810 legantur.

318 1839 378 1905 Hic
403 1840 513 1904 titulus
534 1860 605 1904 cum
618 1839 724 1904 verbis
740 1859 811 1904 eum
829 1840 1030 1924 cingentibus
1049 1839 1219 1905 includitur
1233 1839 1342 1924 figuris
1356 1839 1444 1924 ligno

238 1954 347 2020 incisis
373 1974 480 2019 arcum
509 1953 731 2038 triumphalem
759 1953 809 2018 vel
836 1954 938 2019 simile
969 1953 1092 2038 aliquid
1118 1955 1380 2039 depingentibus,
1410 1955 1442 2018 in

172 2079 177 2091 ·
236 2069 325 2134 cuius
353 2069 514 2153 superlore
539 2075 629 2154 parte
656 2068 772 2152 legitur
798 2075 938 2133 extrema
971 2087 1046 2152 pars
1080 2069 1142 2134 loci
1165 2071 1224 2135 Ies.
1245 2071 1280 2154 2,
1299 2071 1328 2134 3.
1356 2069 1443 2154 typis

218 2183 408 2249 ‘rabbinicis
449 2183 544 2248 valde
575 2184 705 2248 minutis
740 2184 915 2267 exscripta,
955 2183 988 2246 in
1022 2183 1102 2247 duas
1127 2183 1229 2249 lineas
1257 2184 1441 2250 distributa:

238 2270 444 2365 crucae
474 2287 514 2340 'u
538 2291 770 2390 uunquam
798 2299 884 2362 uso
910 2299 1020 2379 ursa
1047 2299 1091 2363 a
1121 2333 1159 2342 -
1194 2297 1317 2381 Pagina
1349 2297 1442 2361 huius

236 2409 303 2475 folii
322 2430 436 2476 aversa
456 2416 561 2476 vacat.
602 2410 731 2495 Septem
750 2411 826 2476 folia
847 2410 1072 2493 subsequentia
1093 2411 1254 2476 continent
1274 2411 1443 2496 Prologum

235 2525 321 2609 typis
357 2525 514 2590 hebraicis
556 2525 763 2609 exscriptum,
805 2526 859 2607 qui
897 2525 1009 2609 incipit
1047 2525 1088 2590 ab
1126 2525 1187 2590 hac
1222 2525 1440 2609 inscriptione:

162 2690 164 2694 .
208 2621 308 2708 buu
345 2644 411 2724 unu
447 2645 549 2733 pus*
590 2645 659 2706 mu
700 2619 837 2707 *abac
874 2630 992 2711 corb
1024 2644 1120 2709 arcu
1154 2645 1260 2707 arsa
1300 2646 1440 2712 aaron.

236 2757 273 2820 In
296 2757 356 2822 hoc
377 2756 510 2841 Prologo
532 2763 641 2822 auctor
662 2758 767 2842 operis
794 2758 843 2822 sui
869 2758 1023 2842 originem
1051 2757 1264 2841 rationemque
1292 2758 1441 2843 explieat,

237 2878 269 2937 et
292 2871 356 2952 (fol.
378 2875 486 2953 5-7.)
507 2873 657 2956 proponit
677 2872 833 2955 Iudicem,
860 2873 893 2937 in
915 2873 1148 2957 quocuiusque
1168 2872 1241 2937 libri
1264 2874 1333 2938 Vet.
1354 2873 1441 2938 Test.

237 2986 345 3070 capita
372 2987 545 3051 secundum
572 3007 678 3052 eorum
704 3007 867 3052 numerum
895 2993 927 3051 ct
954 2986 1067 3068 verba,
1097 3006 1118 3051 a
1148 2987 1261 3070 quibus
1294 2986 1440 3071 quodque

236 3099 363 3183 orditur,
384 3100 494 3166 addito
515 3121 643 3166 numero
664 3121 810 3166 versuum
831 3102 981 3184 cuiusque
999 3102 1114 3186 capitis
1134 3101 1327 3185 indicantur,
1350 3121 1439 3186 prae-

236 3221 322 3280 terea
343 3214 408 3296 (fol.
430 3216 481 3296 8²)
506 3223 668 3280 enumerat
689 3235 783 3281 voces
803 3216 836 3278 iu
858 3215 1099 3281 Concordantiis
1118 3215 1309 3281 deficientes.
1350 3217 1439 3281 Haeo

236 3331 339 3414 prima
372 3336 442 3395 octo
476 3330 569 3410 lblia,
604 3329 729 3394 titulum
762 3307 941 3413 generalem
979 3336 1011 3395 et
1046 3329 1209 3414 prologum
1243 3330 1439 3395 continentia

237 3452 344 3509 carent
363 3445 535 3528 signatura.
575 3444 711 3526 Reliqua
729 3445 787 3506 397
805 3427 883 3509 folia
902 3443 1049 3510 inferiore
1070 3451 1160 3528 parte
1181 3445 1319 3510 numeris
1343 3448 1437 3507 1-50

145 3574 155 3592 ³
236 3560 282 3623 ita
311 3561 438 3643 signata
467 3564 552 3641 sunt,
586 3564 620 3623 ut
650 3577 847 3623 numerorum
884 3561 982 3621 1-49
1010 3559 1125 3642 quique
1152 3558 1335 3625 fasciculum
1367 3565 1437 3625 octo

235 3674 379 3738 loliorum
403 3673 643 3757 complectatur,
673 3691 804 3754 quorum
826 3679 959 3755 quatuor
983 3674 1090 3758 priora
1111 3674 1199 3738 iuxta
1219 3673 1361 3739 fasciculi
1381 3695 1437 3739 nu-

235 3809 353 3854 memm
381 3809 401 3852 a
426 3788 556 3852 sinistra
580 3806 726 3851 numeros
752 3792 765 3848 Ι
796 3793 820 3848 ll
851 3793 892 3848 ΙΙΙ
919 3793 976 3848 llll
997 3787 1130 3874 habent,
1157 3788 1279 3872 reliqua
1305 3795 1438 3871 quatuor

234 3902 312 3968 lolia
333 3908 476 3968 neutrum
487 3921 648 3966 numerum
662 3901 826 3985 exhibent3
849 3902 974 3966 ultimus
986 3909 1091 3968 autem
1105 3922 1251 3968 numerus
1263 3908 1301 3966 50
1315 3909 1437 3968 tantum

236 4018 374 4100 quinque
400 4016 479 4082 folia
499 4016 668 4097 contineat,
690 4035 821 4098 quorum
843 4016 905 4080 tria
924 4017 1031 4101 priora
1046 4024 1172 4102 praeter
1188 4018 1276 4092 ,huno
1295 4017 1438 4084 fasciculi

234 4151 396 4197 numerum
415 4131 554 4195 numeris
574 4136 588 4192 Ι
609 4135 639 4191 Η
662 4135 709 4192 ΙΙΙ
729 4150 749 4194 a
771 4131 899 4196 sinistra
919 4133 1046 4215 signata
1066 4139 1147 4198 sunt.
1188 4133 1373 4218 Superiores
1393 4134 1437 4200 fo-

234 4247 345 4310 liorum
367 4245 488 4311 numeri
509 4245 543 4309 in
565 4245 625 4309 hoo
645 4264 740 4329 opere
762 4245 888 4311 omnino
909 4245 1031 4312 desunt.

313 4361 432 4425 Homm
449 4360 508 4422 397
529 4358 683 4438 foliorum,
704 4378 786 4441 quae
803 4359 1050 4426 concordantias
1072 4360 1161 4444 ipsas
1180 4361 1351 4443 continent,
1373 4362 1435 4447 pri-

235 4495 320 4540 mum
346 4475 443 4558 (quod
471 4473 618 4538 inferiore
645 4492 773 4538 numero
799 4475 815 4538 I
839 4477 851 4536 l
877 4480 1004 4559 propter
1029 4475 1154 4538 titulum
1180 4478 1278 4556 earet)
1293 4517 1295 4521 -
1308 4477 1437 4561 exhibet

289 4583 429 4630 utacum,
446 4581 560 4630 susumus.
1217 4580 1237 4639 2
