<?xml version="1.0" encoding="UTF-8"?>
<!DOCTYPE html PUBLIC "-//W3C//DTD XHTML 1.0 Transitional//EN"
    "http://www.w3.org/TR/xhtml1/DTD/xhtml1-transitional.dtd">
<html xmlns="http://www.w3.org/1999/xhtml" xml:lang="en" lang="en">
 <head>
  <title>
</title>
<meta http-equiv="Content-Type" content="text/html;charset=utf-8" />
  <meta name='ocr-system' content='tesseract 3.04.00' />
  <meta name='ocr-capabilities' content='ocr_page ocr_carea ocr_par ocr_line ocrx_word'/>
</head>
<body>
  <div class='ocr_page' id='page_1' title='image "./concordantiarum00bindgoog_0092.png"; bbox 0 0 3728 5726; ppageno 0'>
   <div class='ocr_carea' id='block_1_1' title="bbox 679 544 1428 599">
    <p class='ocr_par' dir='ltr' id='par_1_1' title="bbox 679 544 1428 599">
     <span class='ocr_line' id='line_1_1' title="bbox 679 544 1428 599; baseline -0.001 -3"><span class='ocrx_word' id='word_1_1' title='bbox 679 544 959 598; x_wconf 81' lang='lat' dir='ltr'>PROLEGOMENA.</span> <span class='ocrx_word' id='word_1_2' title='bbox 1301 546 1428 599; x_wconf 85' lang='lat' dir='ltr'>LXXVII</span> 
     </span>
    </p>
   </div>
   <div class='ocr_carea' id='block_1_2' title="bbox 222 691 1430 1121">
    <p class='ocr_par' dir='ltr' id='par_1_2' title="bbox 222 691 1430 1121">
     <span class='ocr_line' id='line_1_2' title="bbox 223 691 1430 775; baseline -0.002 -16"><span class='ocrx_word' id='word_1_3' title='bbox 223 694 361 775; x_wconf 87' lang='lat' dir='ltr'>seducat,</span> <span class='ocrx_word' id='word_1_4' title='bbox 383 693 555 774; x_wconf 88' lang='lat' dir='ltr'>secundam</span> <span class='ocrx_word' id='word_1_5' title='bbox 575 691 671 756; x_wconf 85' lang='lat' dir='ltr'>valde</span> <span class='ocrx_word' id='word_1_6' title='bbox 692 697 818 756; x_wconf 80' lang='lat' dir='ltr'>auctam</span> <span class='ocrx_word' id='word_1_7' title='bbox 840 709 927 774; x_wconf 87' lang='lat' dir='ltr'>esse;</span> <span class='ocrx_word' id='word_1_8' title='bbox 949 696 983 754; x_wconf 94' lang='lat' dir='ltr'>at</span> <span class='ocrx_word' id='word_1_9' title='bbox 1004 691 1133 755; x_wconf 89' lang='lat' dir='ltr'>maioris</span> <span class='ocrx_word' id='word_1_10' title='bbox 1152 691 1319 756; x_wconf 86' lang='lat' dir='ltr'>voluminis</span> <span class='ocrx_word' id='word_1_11' title='bbox 1332 712 1430 757; x_wconf 89' lang='lat' dir='ltr'>causa</span> 
     </span>
     <span class='ocr_line' id='line_1_3' title="bbox 223 805 1429 889; baseline -0.002 -15"><span class='ocrx_word' id='word_1_12' title='bbox 223 814 344 874; x_wconf 89' lang='lat' dir='ltr'>tantum</span> <span class='ocrx_word' id='word_1_13' title='bbox 372 809 405 872; x_wconf 92' lang='lat' dir='ltr'>in</span> <span class='ocrx_word' id='word_1_14' title='bbox 433 828 470 872; x_wconf 92' lang='lat' dir='ltr'>eo</span> <span class='ocrx_word' id='word_1_15' title='bbox 499 806 681 889; x_wconf 86' lang='lat' dir='ltr'>quaerenda</span> <span class='ocrx_word' id='word_1_16' title='bbox 702 812 765 888; x_wconf 87' lang='lat' dir='ltr'>est,</span> <span class='ocrx_word' id='word_1_17' title='bbox 792 805 876 887; x_wconf 90' lang='lat' dir='ltr'>quod</span> <span class='ocrx_word' id='word_1_18' title='bbox 901 811 1000 870; x_wconf 92' lang='lat' dir='ltr'>toturn</span> <span class='ocrx_word' id='word_1_19' title='bbox 1028 825 1108 889; x_wconf 92' lang='lat' dir='ltr'>opus</span> <span class='ocrx_word' id='word_1_20' title='bbox 1133 807 1230 871; x_wconf 92' lang='lat' dir='ltr'>multo</span> <span class='ocrx_word' id='word_1_21' title='bbox 1258 807 1429 872; x_wconf 92' lang='lat' dir='ltr'>maioribus</span> 
     </span>
     <span class='ocr_line' id='line_1_4' title="bbox 222 919 1427 1014; baseline -0.002 -27"><span class='ocrx_word' id='word_1_22' title='bbox 222 924 307 1008; x_wconf 90' lang='lat' dir='ltr'>typis</span> <span class='ocrx_word' id='word_1_23' title='bbox 333 928 381 987; x_wconf 90' lang='lat' dir='ltr'>est</span> <span class='ocrx_word' id='word_1_24' title='bbox 406 941 565 1003; x_wconf 90' lang='lat' dir='ltr'>recusum,</span> <span class='ocrx_word' id='word_1_25' title='bbox 592 922 639 984; x_wconf 90' lang='lat' dir='ltr'>ita</span> <span class='ocrx_word' id='word_1_26' title='bbox 665 926 699 984; x_wconf 91' lang='lat' dir='ltr'>ut</span> <span class='ocrx_word' id='word_1_27' title='bbox 727 941 753 986; x_wconf 88' lang='lat' dir='ltr'>e.</span> <span class='ocrx_word' id='word_1_28' title='bbox 778 940 803 984; x_wconf 90' lang='lat' dir='ltr'>c.</span> <span class='ocrx_word' id='word_1_29' title='bbox 826 940 880 1002; x_wconf 89' lang='lat' dir='ltr'>ea,</span> <span class='ocrx_word' id='word_1_30' title='bbox 909 921 1046 1002; x_wconf 91' lang='lat' dir='ltr'>quaein</span> <span class='ocrx_word' id='word_1_31' title='bbox 1071 919 1146 984; x_wconf 88' lang='lat' dir='ltr'>edit.</span> <span class='ocrx_word' id='word_1_32' title='bbox 1172 925 1196 984; x_wconf 90' lang='grc'>1.</span> <span class='ocrx_word' id='word_1_33' title='bbox 1218 921 1251 1014; x_wconf 85' lang='lat' dir='ltr'>in</span> <span class='ocrx_word' id='word_1_34' title='bbox 1272 921 1329 985; x_wconf 91' lang='lat' dir='ltr'>eol.</span> <span class='ocrx_word' id='word_1_35' title='bbox 1357 927 1378 985; x_wconf 92' lang='grc' dir='ltr'>Ι.</span> <span class='ocrx_word' id='word_1_36' title='bbox 1399 924 1427 984; x_wconf 80' lang='lat'>2.</span> 
     </span>
     <span class='ocr_line' id='line_1_5' title="bbox 224 1033 1424 1121; baseline -0.003 -19"><span class='ocrx_word' id='word_1_37' title='bbox 224 1038 344 1121; x_wconf 82' lang='lat' dir='ltr'>primae</span> <span class='ocrx_word' id='word_1_38' title='bbox 373 1037 512 1120; x_wconf 81' lang='lat' dir='ltr'>paginae</span> <span class='ocrx_word' id='word_1_39' title='bbox 537 1035 698 1118; x_wconf 86' lang='lat' dir='ltr'>leguntur,</span> <span class='ocrx_word' id='word_1_40' title='bbox 719 1035 750 1098; x_wconf 92' lang='lat' dir='ltr'>in</span> <span class='ocrx_word' id='word_1_41' title='bbox 774 1035 833 1098; x_wconf 92' lang='lat' dir='ltr'>hac</span> <span class='ocrx_word' id='word_1_42' title='bbox 853 1033 928 1099; x_wconf 88' lang='lat' dir='ltr'>edit.</span> <span class='ocrx_word' id='word_1_43' title='bbox 950 1037 978 1098; x_wconf 80' lang='lat'>2.</span> <span class='ocrx_word' id='word_1_44' title='bbox 1001 1034 1084 1098; x_wconf 88' lang='lat' dir='ltr'>ultra</span> <span class='ocrx_word' id='word_1_45' title='bbox 1102 1041 1164 1099; x_wconf 91' lang='lat' dir='ltr'>tres</span> <span class='ocrx_word' id='word_1_46' title='bbox 1186 1035 1346 1099; x_wconf 89' lang='lat' dir='ltr'>columnas</span> <span class='ocrx_word' id='word_1_47' title='bbox 1367 1055 1424 1099; x_wconf 86' lang='lat' dir='ltr'>ex-</span> 
     </span>
    </p>
   </div>
   <div class='ocr_carea' id='block_1_3' title="bbox 225 1153 342 1236">
    <p class='ocr_par' dir='ltr' id='par_1_3' title="bbox 225 1153 342 1236">
     <span class='ocr_line' id='line_1_6' title="bbox 225 1153 342 1236; baseline -0.009 -19"><span class='ocrx_word' id='word_1_48' title='bbox 225 1153 342 1236; x_wconf 88' lang='lat' dir='ltr'>pleant.</span> 
     </span>
    </p>
   </div>
   <div class='ocr_carea' id='block_1_4' title="bbox 476 1250 1045 1339">
    <p class='ocr_par' dir='ltr' id='par_1_4' title="bbox 476 1250 1045 1339">
     <span class='ocr_line' id='line_1_7' title="bbox 476 1250 1045 1339; baseline 0 -25"><span class='ocrx_word' id='word_1_49' title='bbox 476 1333 478 1339; x_wconf 71' lang='lat'>,</span> <span class='ocrx_word' id='word_1_50' title='bbox 603 1253 631 1314; x_wconf 88' lang='lat'>3.</span> <span class='ocrx_word' id='word_1_51' title='bbox 653 1251 811 1315; x_wconf 82' lang='lat' dir='ltr'>Erasmi</span> <span class='ocrx_word' id='word_1_52' title='bbox 833 1250 1045 1331; x_wconf 86' lang='lat' dir='ltr'>Schmidii.</span> 
     </span>
    </p>
   </div>
   <div class='ocr_carea' id='block_1_5' title="bbox 177 1340 1431 1599">
    <p class='ocr_par' dir='ltr' id='par_1_5' title="bbox 177 1340 1431 1599">
     <span class='ocr_line' id='line_1_8' title="bbox 302 1340 1430 1468; baseline 0.001 -20"><span class='ocrx_word' id='word_1_53' title='bbox 302 1340 491 1449; x_wconf 82' lang='lat' dir='ltr'>Erasmus</span> <span class='ocrx_word' id='word_1_54' title='bbox 519 1382 682 1449; x_wconf 90' lang='lat' dir='ltr'>Schmid</span> <span class='ocrx_word' id='word_1_55' title='bbox 703 1385 808 1464; x_wconf 88' lang='lat' dir='ltr'>(natus</span> <span class='ocrx_word' id='word_1_56' title='bbox 832 1367 925 1446; x_wconf 80' lang='grc'><strong>1560.’</strong></span> <span class='ocrx_word' id='word_1_57' title='bbox 940 1385 987 1445; x_wconf 76' lang='lat'>27.</span> <span class='ocrx_word' id='word_1_58' title='bbox 1002 1383 1103 1466; x_wconf 82' lang='lat' dir='ltr'>April.</span> <span class='ocrx_word' id='word_1_59' title='bbox 1123 1383 1344 1466; x_wconf 87' lang='lat' dir='ltr'>Delitzschiae,</span> <span class='ocrx_word' id='word_1_60' title='bbox 1367 1385 1430 1468; x_wconf 90' lang='lat' dir='ltr'>pri·</span> 
     </span>
     <span class='ocr_line' id='line_1_9' title="bbox 177 1498 1431 1599; baseline 0.003 -37"><span class='ocrx_word' id='word_1_61' title='bbox 177 1591 182 1599; x_wconf 24' lang='lat'>¹</span> <span class='ocrx_word' id='word_1_62' title='bbox 222 1519 307 1562; x_wconf 90' lang='lat' dir='ltr'>mum</span> <span class='ocrx_word' id='word_1_63' title='bbox 321 1505 476 1564; x_wconf 90' lang='lat' dir='ltr'>rectoratu</span> <span class='ocrx_word' id='word_1_64' title='bbox 493 1499 733 1579; x_wconf 89' lang='lat' dir='ltr'>Leutschaviae,</span> <span class='ocrx_word' id='word_1_65' title='bbox 753 1498 935 1580; x_wconf 84' lang='lat' dir='ltr'>Hungariae</span> <span class='ocrx_word' id='word_1_66' title='bbox 950 1498 1035 1579; x_wconf 90' lang='lat' dir='ltr'>urbe,</span> <span class='ocrx_word' id='word_1_67' title='bbox 1058 1499 1191 1581; x_wconf 84' lang='lat' dir='ltr'>iunctus,</span> <span class='ocrx_word' id='word_1_68' title='bbox 1212 1506 1323 1583; x_wconf 87' lang='lat' dir='ltr'>postea</span> <span class='ocrx_word' id='word_1_69' title='bbox 1335 1501 1431 1566; x_wconf 74' lang='lat' dir='ltr'>(irae-</span> 
     </span>
    </p>
   </div>
   <div class='ocr_carea' id='block_1_6' title="bbox 223 1613 1433 3073">
    <p class='ocr_par' dir='ltr' id='par_1_6' title="bbox 223 1613 1433 3073">
     <span class='ocr_line' id='line_1_10' title="bbox 226 1613 1431 1698; baseline 0.002 -20"><span class='ocrx_word' id='word_1_70' title='bbox 226 1633 332 1678; x_wconf 88' lang='lat' dir='ltr'>carum</span> <span class='ocrx_word' id='word_1_71' title='bbox 346 1614 519 1678; x_wconf 91' lang='lat' dir='ltr'>litterarum</span> <span class='ocrx_word' id='word_1_72' title='bbox 539 1620 570 1678; x_wconf 90' lang='lat' dir='ltr'>et</span> <span class='ocrx_word' id='word_1_73' title='bbox 584 1614 731 1678; x_wconf 90' lang='lat' dir='ltr'>Mathem.</span> <span class='ocrx_word' id='word_1_74' title='bbox 766 1614 927 1678; x_wconf 84' lang='lat' dir='ltr'>Professor</span> <span class='ocrx_word' id='word_1_75' title='bbox 940 1613 1133 1678; x_wconf 79' lang='lat' dir='ltr'>Academiae</span> <span class='ocrx_word' id='word_1_76' title='bbox 1146 1615 1431 1698; x_wconf 86' lang='lat' dir='ltr'>Wittenhergensis</span> 
     </span>
     <span class='ocr_line' id='line_1_11' title="bbox 225 1728 1430 1812; baseline 0.002 -20"><span class='ocrx_word' id='word_1_77' title='bbox 225 1728 337 1809; x_wconf 89' lang='lat' dir='ltr'>dictus,</span> <span class='ocrx_word' id='word_1_78' title='bbox 347 1729 454 1811; x_wconf 89' lang='lat' dir='ltr'>ibique</span> <span class='ocrx_word' id='word_1_79' title='bbox 469 1729 499 1794; x_wconf 88' lang='lat' dir='ltr'>d.</span> <span class='ocrx_word' id='word_1_80' title='bbox 517 1735 559 1793; x_wconf 85' lang='grc'>15.</span> <span class='ocrx_word' id='word_1_81' title='bbox 568 1729 653 1812; x_wconf 84' lang='lat' dir='ltr'>Sept.</span> <span class='ocrx_word' id='word_1_82' title='bbox 670 1731 752 1794; x_wconf 81' lang='grc'>1637.</span> <span class='ocrx_word' id='word_1_83' title='bbox 763 1734 902 1793; x_wconf 90' lang='lat' dir='ltr'>mortuus</span> <span class='ocrx_word' id='word_1_84' title='bbox 917 1733 977 1808; x_wconf 88' lang='lat' dir='ltr'>est)</span> <span class='ocrx_word' id='word_1_85' title='bbox 990 1734 1061 1812; x_wconf 89' lang='lat' dir='ltr'>post</span> <span class='ocrx_word' id='word_1_86' title='bbox 1076 1729 1324 1809; x_wconf 83' lang='lat' dir='ltr'>Concordantias</span> <span class='ocrx_word' id='word_1_87' title='bbox 1337 1730 1430 1794; x_wconf 91' lang='lat' dir='ltr'>modo</span> 
     </span>
     <span class='ocr_line' id='line_1_12' title="bbox 225 1844 1431 1926; baseline 0.002 -20"><span class='ocrx_word' id='word_1_88' title='bbox 225 1845 396 1908; x_wconf 87' lang='lat' dir='ltr'>recensitas</span> <span class='ocrx_word' id='word_1_89' title='bbox 424 1844 563 1926; x_wconf 79' lang='lat' dir='ltr'>suscepit</span> <span class='ocrx_word' id='word_1_90' title='bbox 591 1863 690 1908; x_wconf 88' lang='lat' dir='ltr'>novas</span> <span class='ocrx_word' id='word_1_91' title='bbox 712 1844 924 1923; x_wconf 87' lang='lat' dir='ltr'>concinnare,</span> <span class='ocrx_word' id='word_1_92' title='bbox 946 1862 1136 1924; x_wconf 90' lang='lat' dir='ltr'>quamquam</span> <span class='ocrx_word' id='word_1_93' title='bbox 1168 1844 1315 1925; x_wconf 89' lang='lat' dir='ltr'>timebat,</span> <span class='ocrx_word' id='word_1_94' title='bbox 1343 1864 1383 1909; x_wconf 90' lang='lat' dir='ltr'>ne</span> <span class='ocrx_word' id='word_1_95' title='bbox 1411 1865 1431 1908; x_wconf 94' lang='lat' dir='ltr'>a</span> 
     </span>
     <span class='ocr_line' id='line_1_13' title="bbox 224 1957 1431 2042; baseline 0.001 -21"><span class='ocrx_word' id='word_1_96' title='bbox 224 1958 330 2022; x_wconf 89' lang='lat' dir='ltr'>multis</span> <span class='ocrx_word' id='word_1_97' title='bbox 363 1957 659 2042; x_wconf 81' lang='lat' dir='ltr'>reprehenderetur,</span> <span class='ocrx_word' id='word_1_98' title='bbox 695 1957 779 2040; x_wconf 90' lang='lat' dir='ltr'>quod</span> <span class='ocrx_word' id='word_1_99' title='bbox 810 1964 881 2040; x_wconf 93' lang='lat' dir='ltr'>post</span> <span class='ocrx_word' id='word_1_100' title='bbox 912 1958 1082 2022; x_wconf 88' lang='lat' dir='ltr'>Henricum</span> <span class='ocrx_word' id='word_1_101' title='bbox 1117 1958 1313 2042; x_wconf 82' lang='lat' dir='ltr'>Stephanum</span> <span class='ocrx_word' id='word_1_102' title='bbox 1346 1958 1431 2023; x_wconf 90' lang='lat' dir='ltr'>idem</span> 
     </span>
     <span class='ocr_line' id='line_1_14' title="bbox 223 2072 1431 2156; baseline 0.002 -20"><span class='ocrx_word' id='word_1_103' title='bbox 223 2079 396 2137; x_wconf 87' lang='lat' dir='ltr'>conaretur.</span> <span class='ocrx_word' id='word_1_104' title='bbox 439 2073 483 2138; x_wconf 93' lang='lat' dir='ltr'>Ut</span> <span class='ocrx_word' id='word_1_105' title='bbox 502 2073 598 2137; x_wconf 90' lang='lat' dir='ltr'>talem</span> <span class='ocrx_word' id='word_1_106' title='bbox 617 2072 818 2154; x_wconf 83' lang='lat' dir='ltr'>arrogantiae</span> <span class='ocrx_word' id='word_1_107' title='bbox 833 2072 1066 2137; x_wconf 77' lang='lat' dir='ltr'>accusationem</span> <span class='ocrx_word' id='word_1_108' title='bbox 1083 2073 1272 2156; x_wconf 87' lang='lat' dir='ltr'>prohiberet,</span> <span class='ocrx_word' id='word_1_109' title='bbox 1293 2074 1326 2137; x_wconf 96' lang='lat' dir='ltr'>in</span> <span class='ocrx_word' id='word_1_110' title='bbox 1341 2093 1431 2156; x_wconf 84' lang='lat' dir='ltr'>prcc-</span> 
     </span>
     <span class='ocr_line' id='line_1_15' title="bbox 225 2185 1432 2272; baseline 0.002 -23"><span class='ocrx_word' id='word_1_111' title='bbox 225 2185 343 2252; x_wconf 87' lang='lat' dir='ltr'>satione</span> <span class='ocrx_word' id='word_1_112' title='bbox 372 2188 525 2271; x_wconf 82' lang='lat' dir='ltr'>exemplis</span> <span class='ocrx_word' id='word_1_113' title='bbox 547 2188 709 2271; x_wconf 88' lang='lat' dir='ltr'>permultis</span> <span class='ocrx_word' id='word_1_114' title='bbox 737 2186 928 2268; x_wconf 89' lang='lat' dir='ltr'>declaravit,</span> <span class='ocrx_word' id='word_1_115' title='bbox 956 2188 1050 2269; x_wconf 90' lang='lat' dir='ltr'>quale</span> <span class='ocrx_word' id='word_1_116' title='bbox 1070 2207 1149 2272; x_wconf 89' lang='lat' dir='ltr'>opus</span> <span class='ocrx_word' id='word_1_117' title='bbox 1168 2188 1219 2268; x_wconf 91' lang='lat' dir='ltr'>sit,</span> <span class='ocrx_word' id='word_1_118' title='bbox 1244 2188 1328 2269; x_wconf 92' lang='lat' dir='ltr'>quod</span> <span class='ocrx_word' id='word_1_119' title='bbox 1349 2189 1432 2253; x_wconf 88' lang='lat' dir='ltr'>Hen-</span> 
     </span>
     <span class='ocr_line' id='line_1_16' title="bbox 225 2301 1433 2386; baseline 0.002 -22"><span class='ocrx_word' id='word_1_120' title='bbox 225 2301 307 2366; x_wconf 91' lang='lat' dir='ltr'>rieus</span> <span class='ocrx_word' id='word_1_121' title='bbox 328 2302 507 2385; x_wconf 82' lang='lat' dir='ltr'>Stephanus</span> <span class='ocrx_word' id='word_1_122' title='bbox 528 2303 627 2386; x_wconf 89' lang='lat' dir='ltr'>patris</span> <span class='ocrx_word' id='word_1_123' title='bbox 648 2302 696 2366; x_wconf 92' lang='lat' dir='ltr'>sui</span> <span class='ocrx_word' id='word_1_124' title='bbox 717 2321 835 2383; x_wconf 88' lang='lat' dir='ltr'>suoque</span> <span class='ocrx_word' id='word_1_125' title='bbox 851 2301 976 2366; x_wconf 90' lang='lat' dir='ltr'>nomine</span> <span class='ocrx_word' id='word_1_126' title='bbox 993 2301 1138 2383; x_wconf 88' lang='lat' dir='ltr'>ediderit,</span> <span class='ocrx_word' id='word_1_127' title='bbox 1162 2308 1296 2384; x_wconf 88' lang='lat' dir='ltr'>quantos</span> <span class='ocrx_word' id='word_1_128' title='bbox 1313 2322 1433 2367; x_wconf 87' lang='lat' dir='ltr'>errores</span> 
     </span>
     <span class='ocr_line' id='line_1_17' title="bbox 225 2415 1432 2499; baseline 0.001 -20"><span class='ocrx_word' id='word_1_129' title='bbox 225 2421 257 2479; x_wconf 89' lang='lat' dir='ltr'>et</span> <span class='ocrx_word' id='word_1_130' title='bbox 269 2423 345 2497; x_wconf 89' lang='lat' dir='ltr'>quot</span> <span class='ocrx_word' id='word_1_131' title='bbox 358 2418 543 2482; x_wconf 87' lang='lat' dir='ltr'>omissiones</span> <span class='ocrx_word' id='word_1_132' title='bbox 552 2417 711 2483; x_wconf 88' lang='lat' dir='ltr'>contineat</span> <span class='ocrx_word' id='word_1_133' title='bbox 725 2415 811 2496; x_wconf 83' lang='lat' dir='ltr'>(vide</span> <span class='ocrx_word' id='word_1_134' title='bbox 825 2418 1159 2499; x_wconf 81' lang='lat' dir='ltr'>suprap.Lxxl11sq.),</span> <span class='ocrx_word' id='word_1_135' title='bbox 1170 2435 1208 2480; x_wconf 86' lang='lat' dir='ltr'>ex</span> <span class='ocrx_word' id='word_1_136' title='bbox 1223 2417 1339 2498; x_wconf 76' lang='lat' dir='ltr'>quihus·</span> <span class='ocrx_word' id='word_1_137' title='bbox 1349 2422 1432 2482; x_wconf 86' lang='lat' dir='ltr'>recte</span> 
     </span>
     <span class='ocr_line' id='line_1_18' title="bbox 225 2530 1431 2614; baseline 0.003 -22"><span class='ocrx_word' id='word_1_138' title='bbox 225 2537 468 2614; x_wconf 85' lang='lat' dir='ltr'>argumentatur,</span> <span class='ocrx_word' id='word_1_139' title='bbox 488 2531 590 2596; x_wconf 89' lang='lat' dir='ltr'>virum</span> <span class='ocrx_word' id='word_1_140' title='bbox 610 2531 827 2596; x_wconf 88' lang='lat' dir='ltr'>doctissimum</span> <span class='ocrx_word' id='word_1_141' title='bbox 848 2531 912 2595; x_wconf 88' lang='lat' dir='ltr'>tale</span> <span class='ocrx_word' id='word_1_142' title='bbox 939 2549 1035 2614; x_wconf 89' lang='lat' dir='ltr'>opus,</span> <span class='ocrx_word' id='word_1_143' title='bbox 1064 2531 1208 2612; x_wconf 88' lang='lat' dir='ltr'>quamvis</span> <span class='ocrx_word' id='word_1_144' title='bbox 1236 2530 1431 2614; x_wconf 87' lang='lat' dir='ltr'>praefatione</span> 
     </span>
     <span class='ocr_line' id='line_1_19' title="bbox 225 2645 1430 2729; baseline 0.002 -21"><span class='ocrx_word' id='word_1_145' title='bbox 225 2665 284 2709; x_wconf 92' lang='lat' dir='ltr'>sua</span> <span class='ocrx_word' id='word_1_146' title='bbox 304 2646 338 2709; x_wconf 92' lang='lat' dir='ltr'>id</span> <span class='ocrx_word' id='word_1_147' title='bbox 359 2646 526 2728; x_wconf 87' lang='lat' dir='ltr'>ornaverit,</span> <span class='ocrx_word' id='word_1_148' title='bbox 547 2666 610 2711; x_wconf 94' lang='lat' dir='ltr'>non</span> <span class='ocrx_word' id='word_1_149' title='bbox 632 2665 691 2710; x_wconf 91' lang='lat' dir='ltr'>sua</span> <span class='ocrx_word' id='word_1_150' title='bbox 708 2665 813 2725; x_wconf 89' lang='lat' dir='ltr'>manu,</span> <span class='ocrx_word' id='word_1_151' title='bbox 833 2646 1023 2729; x_wconf 74' lang='lat' dir='ltr'>propriaque</span> <span class='ocrx_word' id='word_1_152' title='bbox 1046 2646 1143 2728; x_wconf 77' lang='lat' dir='ltr'>operat</span> <span class='ocrx_word' id='word_1_153' title='bbox 1160 2645 1374 2727; x_wconf 88' lang='lat' dir='ltr'>concinnasse,</span> <span class='ocrx_word' id='word_1_154' title='bbox 1396 2665 1430 2711; x_wconf 89' lang='lat' dir='ltr'>se</span> 
     </span>
     <span class='ocr_line' id='line_1_20' title="bbox 226 2738 1431 2843; baseline 0.001 -20"><span class='ocrx_word' id='word_1_155' title='bbox 226 2759 329 2843; x_wconf 87' lang='lat' dir='ltr'>ipsum</span> <span class='ocrx_word' id='word_1_156' title='bbox 350 2761 447 2843; x_wconf 85' lang='lat' dir='ltr'>igitur</span> <span class='ocrx_word' id='word_1_157' title='bbox 473 2749 601 2825; x_wconf 79' lang='lat' dir='ltr'>mininie</span> <span class='ocrx_word' id='word_1_158' title='bbox 624 2760 877 2843; x_wconf 83' lang='lat' dir='ltr'>praesumentiae</span> <span class='ocrx_word' id='word_1_159' title='bbox 905 2738 1089 2824; x_wconf 85' lang='lat' dir='ltr'>temerariae</span> <span class='ocrx_word' id='word_1_160' title='bbox 1117 2779 1187 2825; x_wconf 87' lang='lat' dir='ltr'>esse</span> <span class='ocrx_word' id='word_1_161' title='bbox 1210 2761 1431 2841; x_wconf 85' lang='lat' dir='ltr'>accusandum,</span> 
     </span>
     <span class='ocr_line' id='line_1_21' title="bbox 226 2873 1432 2958; baseline 0.002 -20"><span class='ocrx_word' id='word_1_162' title='bbox 226 2874 310 2957; x_wconf 88' lang='lat' dir='ltr'>quod</span> <span class='ocrx_word' id='word_1_163' title='bbox 331 2895 447 2939; x_wconf 87' lang='lat' dir='ltr'>novum</span> <span class='ocrx_word' id='word_1_164' title='bbox 465 2875 618 2940; x_wconf 87' lang='lat' dir='ltr'>eiusmodi</span> <span class='ocrx_word' id='word_1_165' title='bbox 639 2895 718 2958; x_wconf 91' lang='lat' dir='ltr'>opus</span> <span class='ocrx_word' id='word_1_166' title='bbox 741 2873 923 2957; x_wconf 83' lang='lat' dir='ltr'>susceperit,</span> <span class='ocrx_word' id='word_1_167' title='bbox 944 2874 977 2938; x_wconf 94' lang='lat' dir='ltr'>in</span> <span class='ocrx_word' id='word_1_168' title='bbox 1002 2894 1063 2956; x_wconf 89' lang='lat' dir='ltr'>quo</span> <span class='ocrx_word' id='word_1_169' title='bbox 1086 2893 1192 2940; x_wconf 88' lang='lat' dir='ltr'>omnes</span> <span class='ocrx_word' id='word_1_170' title='bbox 1218 2875 1290 2941; x_wconf 88' lang='lat' dir='ltr'>illos</span> <span class='ocrx_word' id='word_1_171' title='bbox 1313 2895 1432 2940; x_wconf 87' lang='lat' dir='ltr'>errores</span> 
     </span>
     <span class='ocr_line' id='line_1_22' title="bbox 226 2987 1432 3073; baseline 0.001 -21"><span class='ocrx_word' id='word_1_172' title='bbox 226 2989 360 3052; x_wconf 86' lang='lat' dir='ltr'>evitaret</span> <span class='ocrx_word' id='word_1_173' title='bbox 380 2994 412 3053; x_wconf 88' lang='lat' dir='ltr'>ct</span> <span class='ocrx_word' id='word_1_174' title='bbox 431 2989 497 3053; x_wconf 95' lang='lat' dir='ltr'>illic</span> <span class='ocrx_word' id='word_1_175' title='bbox 509 2989 626 3054; x_wconf 88' lang='lat' dir='ltr'>omissa</span> <span class='ocrx_word' id='word_1_176' title='bbox 647 2989 816 3072; x_wconf 89' lang='lat' dir='ltr'>suppleret.</span> <span class='ocrx_word' id='word_1_177' title='bbox 857 2987 1056 3071; x_wconf 82' lang='lat' dir='ltr'>Quapropter</span> <span class='ocrx_word' id='word_1_178' title='bbox 1077 2989 1196 3073; x_wconf 90' lang='lat' dir='ltr'>optimo</span> <span class='ocrx_word' id='word_1_179' title='bbox 1217 2989 1284 3053; x_wconf 92' lang='lat' dir='ltr'>iure</span> <span class='ocrx_word' id='word_1_180' title='bbox 1304 2989 1338 3053; x_wconf 94' lang='lat' dir='ltr'>in</span> <span class='ocrx_word' id='word_1_181' title='bbox 1361 3010 1432 3054; x_wconf 91' lang='lat' dir='ltr'>con-</span> 
     </span>
    </p>
   </div>
   <div class='ocr_carea' id='block_1_7' title="bbox 226 3102 1541 3187">
    <p class='ocr_par' dir='ltr' id='par_1_7' title="bbox 226 3102 1541 3187">
     <span class='ocr_line' id='line_1_23' title="bbox 226 3102 1541 3187; baseline -0.004 -20"><span class='ocrx_word' id='word_1_182' title='bbox 226 3103 298 3169; x_wconf 91' lang='lat' dir='ltr'>silio</span> <span class='ocrx_word' id='word_1_183' title='bbox 319 3123 375 3168; x_wconf 92' lang='lat' dir='ltr'>suo</span> <span class='ocrx_word' id='word_1_184' title='bbox 393 3104 531 3187; x_wconf 86' lang='lat' dir='ltr'>perstitit</span> <span class='ocrx_word' id='word_1_185' title='bbox 548 3111 580 3168; x_wconf 90' lang='lat' dir='ltr'>et</span> <span class='ocrx_word' id='word_1_186' title='bbox 600 3104 727 3169; x_wconf 91' lang='lat' dir='ltr'>triennii</span> <span class='ocrx_word' id='word_1_187' title='bbox 756 3103 860 3187; x_wconf 90' lang='lat' dir='ltr'>spatio</span> <span class='ocrx_word' id='word_1_188' title='bbox 880 3102 940 3168; x_wconf 89' lang='lat' dir='ltr'>hoc</span> <span class='ocrx_word' id='word_1_189' title='bbox 962 3122 1041 3186; x_wconf 88' lang='lat' dir='ltr'>opus</span> <span class='ocrx_word' id='word_1_190' title='bbox 1066 3103 1218 3186; x_wconf 88' lang='lat' dir='ltr'>absolvit,</span> <span class='ocrx_word' id='word_1_191' title='bbox 1245 3103 1432 3186; x_wconf 88' lang='lat' dir='ltr'>addiditque</span> <span class='ocrx_word' id='word_1_192' title='bbox 1534 3147 1541 3162; x_wconf 92' lang='lat'>.</span> 
     </span>
    </p>
   </div>
   <div class='ocr_carea' id='block_1_8' title="bbox 225 3217 1432 3647">
    <p class='ocr_par' dir='ltr' id='par_1_8' title="bbox 225 3217 1432 3647">
     <span class='ocr_line' id='line_1_24' title="bbox 228 3217 1432 3301; baseline 0.002 -21"><span class='ocrx_word' id='word_1_193' title='bbox 228 3217 457 3301; x_wconf 85' lang='lat' dir='ltr'>praelationem</span> <span class='ocrx_word' id='word_1_194' title='bbox 469 3218 512 3283; x_wconf 93' lang='lat' dir='ltr'>ad</span> <span class='ocrx_word' id='word_1_195' title='bbox 533 3219 689 3299; x_wconf 90' lang='lat' dir='ltr'>lectorem,</span> <span class='ocrx_word' id='word_1_196' title='bbox 711 3238 805 3300; x_wconf 89' lang='lat' dir='ltr'>quarn</span> <span class='ocrx_word' id='word_1_197' title='bbox 822 3217 980 3283; x_wconf 86' lang='lat' dir='ltr'>scribebat</span> <span class='ocrx_word' id='word_1_198' title='bbox 995 3217 1232 3300; x_wconf 83' lang='lat' dir='ltr'>Wittenbergae</span> <span class='ocrx_word' id='word_1_199' title='bbox 1252 3224 1327 3284; x_wconf 90' lang='lat' dir='ltr'>ante</span> <span class='ocrx_word' id='word_1_200' title='bbox 1348 3218 1432 3283; x_wconf 92' lang='lat' dir='ltr'>diem</span> 
     </span>
     <span class='ocr_line' id='line_1_25' title="bbox 229 3333 1432 3416; baseline 0.001 -20"><span class='ocrx_word' id='word_1_201' title='bbox 229 3335 274 3397; x_wconf 80' lang='lat'>18.</span> <span class='ocrx_word' id='word_1_202' title='bbox 296 3334 442 3400; x_wconf 89' lang='lat' dir='ltr'>Octobris</span> <span class='ocrx_word' id='word_1_203' title='bbox 465 3335 670 3415; x_wconf 87' lang='lat' dir='ltr'>(Academiae</span> <span class='ocrx_word' id='word_1_204' title='bbox 691 3334 975 3416; x_wconf 86' lang='lat' dir='ltr'>Wittenbergcnsis</span> <span class='ocrx_word' id='word_1_205' title='bbox 995 3333 1146 3414; x_wconf 87' lang='lat' dir='ltr'>natalem)</span> <span class='ocrx_word' id='word_1_206' title='bbox 1173 3352 1201 3396; x_wconf 92' lang='lat' dir='ltr'>a.</span> <span class='ocrx_word' id='word_1_207' title='bbox 1226 3335 1322 3414; x_wconf 80' lang='lat'>1636,</span> <span class='ocrx_word' id='word_1_208' title='bbox 1355 3353 1432 3397; x_wconf 83' lang='lat' dir='ltr'>suae</span> 
     </span>
     <span class='ocr_line' id='line_1_26' title="bbox 228 3447 1432 3533; baseline -0.002 -20"><span class='ocrx_word' id='word_1_209' title='bbox 228 3449 342 3513; x_wconf 88' lang='lat' dir='ltr'>aetatis</span> <span class='ocrx_word' id='word_1_210' title='bbox 358 3469 441 3514; x_wconf 88' lang='lat' dir='ltr'>anno</span> <span class='ocrx_word' id='word_1_211' title='bbox 454 3451 501 3513; x_wconf 85' lang='grc'>67.</span> <span class='ocrx_word' id='word_1_212' title='bbox 523 3449 566 3514; x_wconf 93' lang='lat' dir='ltr'>ad</span> <span class='ocrx_word' id='word_1_213' title='bbox 586 3449 680 3515; x_wconf 87' lang='lat' dir='ltr'>finem</span> <span class='ocrx_word' id='word_1_214' title='bbox 701 3455 900 3533; x_wconf 87' lang='lat' dir='ltr'>properante.</span> <span class='ocrx_word' id='word_1_215' title='bbox 940 3450 1013 3514; x_wconf 92' lang='lat' dir='ltr'>Non</span> <span class='ocrx_word' id='word_1_216' title='bbox 1029 3469 1104 3514; x_wconf 86' lang='lat' dir='ltr'>vero</span> <span class='ocrx_word' id='word_1_217' title='bbox 1121 3449 1151 3514; x_wconf 86' lang='lat' dir='ltr'>ei</span> <span class='ocrx_word' id='word_1_218' title='bbox 1165 3447 1262 3530; x_wconf 89' lang='lat' dir='ltr'>licuit,</span> <span class='ocrx_word' id='word_1_219' title='bbox 1279 3449 1432 3532; x_wconf 89' lang='lat' dir='ltr'>hocopus</span> 
     </span>
     <span class='ocr_line' id='line_1_27' title="bbox 225 3562 1432 3647; baseline 0 -21"><span class='ocrx_word' id='word_1_220' title='bbox 225 3562 355 3626; x_wconf 85' lang='lat' dir='ltr'>maximi</span> <span class='ocrx_word' id='word_1_221' title='bbox 377 3563 495 3627; x_wconf 89' lang='lat' dir='ltr'>laboris</span> <span class='ocrx_word' id='word_1_222' title='bbox 516 3564 601 3647; x_wconf 89' lang='lat' dir='ltr'>typis</span> <span class='ocrx_word' id='word_1_223' title='bbox 621 3564 714 3647; x_wconf 90' lang='lat' dir='ltr'>plene</span> <span class='ocrx_word' id='word_1_224' title='bbox 724 3563 918 3647; x_wconf 87' lang='lat' dir='ltr'>exscriptum</span> <span class='ocrx_word' id='word_1_225' title='bbox 939 3563 1063 3646; x_wconf 75' lang='lat' dir='ltr'>videre,</span> <span class='ocrx_word' id='word_1_226' title='bbox 1092 3583 1166 3627; x_wconf 90' lang='lat' dir='ltr'>nam</span> <span class='ocrx_word' id='word_1_227' title='bbox 1186 3583 1223 3628; x_wconf 89' lang='lat' dir='ltr'>eo</span> <span class='ocrx_word' id='word_1_228' title='bbox 1237 3563 1376 3628; x_wconf 89' lang='lat' dir='ltr'>nondum</span> <span class='ocrx_word' id='word_1_229' title='bbox 1399 3563 1432 3626; x_wconf 94' lang='lat' dir='ltr'>in</span> 
     </span>
    </p>
   </div>
   <div class='ocr_carea' id='block_1_9' title="bbox 121 3677 1432 3762">
    <p class='ocr_par' dir='ltr' id='par_1_9' title="bbox 121 3677 1432 3762">
     <span class='ocr_line' id='line_1_28' title="bbox 121 3677 1432 3762; baseline 0.001 -22"><span class='ocrx_word' id='word_1_230' title='bbox 121 3707 125 3714; x_wconf 91' lang='lat'><strong>·</strong></span> <span class='ocrx_word' id='word_1_231' title='bbox 226 3677 327 3743; x_wconf 88' lang='lat' dir='ltr'>lucem</span> <span class='ocrx_word' id='word_1_232' title='bbox 345 3679 459 3744; x_wconf 89' lang='lat' dir='ltr'>emisso</span> <span class='ocrx_word' id='word_1_233' title='bbox 480 3679 560 3752; x_wconf 88' lang='lat' dir='ltr'>obiit</span> <span class='ocrx_word' id='word_1_234' title='bbox 582 3679 612 3743; x_wconf 92' lang='lat' dir='ltr'>d.</span> <span class='ocrx_word' id='word_1_235' title='bbox 639 3682 683 3742; x_wconf 85' lang='lat'>15.</span> <span class='ocrx_word' id='word_1_236' title='bbox 697 3679 783 3762; x_wconf 89' lang='lat' dir='ltr'>Sept.</span> <span class='ocrx_word' id='word_1_237' title='bbox 806 3698 833 3742; x_wconf 91' lang='lat' dir='ltr'>a.</span> <span class='ocrx_word' id='word_1_238' title='bbox 852 3681 938 3742; x_wconf 78' lang='lat'>1637.</span> <span class='ocrx_word' id='word_1_239' title='bbox 959 3679 1041 3743; x_wconf 87' lang='lat' dir='ltr'>inter</span> <span class='ocrx_word' id='word_1_240' title='bbox 1059 3684 1262 3762; x_wconf 87' lang='lat' dir='ltr'>tempestates</span> <span class='ocrx_word' id='word_1_241' title='bbox 1285 3679 1359 3744; x_wconf 89' lang='lat' dir='ltr'>belli</span> <span class='ocrx_word' id='word_1_242' title='bbox 1379 3678 1432 3742; x_wconf 89' lang='lat' dir='ltr'>tri-</span> 
     </span>
    </p>
   </div>
   <div class='ocr_carea' id='block_1_10' title="bbox 217 3791 1433 4566">
    <p class='ocr_par' dir='ltr' id='par_1_10' title="bbox 217 3791 1432 3972">
     <span class='ocr_line' id='line_1_29' title="bbox 217 3791 1432 3874; baseline 0.002 -21"><span class='ocrx_word' id='word_1_243' title='bbox 217 3791 318 3874; x_wconf 72' lang='lat' dir='ltr'>ginta</span> <span class='ocrx_word' id='word_1_244' title='bbox 342 3811 494 3866; x_wconf 87' lang='lat' dir='ltr'>annorum</span> <span class='ocrx_word' id='word_1_245' title='bbox 521 3793 822 3857; x_wconf 88' lang='lat' dir='ltr'>vehementissimas.</span> <span class='ocrx_word' id='word_1_246' title='bbox 870 3791 1030 3856; x_wconf 89' lang='lat' dir='ltr'>Haeredes</span> <span class='ocrx_word' id='word_1_247' title='bbox 1058 3792 1126 3857; x_wconf 91' lang='lat' dir='ltr'>eius</span> <span class='ocrx_word' id='word_1_248' title='bbox 1156 3792 1269 3857; x_wconf 88' lang='lat' dir='ltr'>librum</span> <span class='ocrx_word' id='word_1_249' title='bbox 1294 3811 1322 3855; x_wconf 89' lang='lat' dir='ltr'>a.</span> <span class='ocrx_word' id='word_1_250' title='bbox 1347 3793 1432 3856; x_wconf 79' lang='lat'>1638.</span> 
     </span>
     <span class='ocr_line' id='line_1_30' title="bbox 228 3904 961 3972; baseline 0 -2"><span class='ocrx_word' id='word_1_251' title='bbox 228 3904 395 3970; x_wconf 83' lang='lat' dir='ltr'>ediderunt</span> <span class='ocrx_word' id='word_1_252' title='bbox 413 3906 514 3971; x_wconf 75' lang='lat' dir='ltr'>forma</span> <span class='ocrx_word' id='word_1_253' title='bbox 533 3908 673 3972; x_wconf 73' lang='lat' dir='ltr'>maxima</span> <span class='ocrx_word' id='word_1_254' title='bbox 697 3908 755 3972; x_wconf 91' lang='lat' dir='ltr'>suh</span> <span class='ocrx_word' id='word_1_255' title='bbox 773 3908 835 3972; x_wconf 88' lang='lat' dir='ltr'>hoe</span> <span class='ocrx_word' id='word_1_256' title='bbox 854 3907 961 3972; x_wconf 91' lang='lat' dir='ltr'>titulo:</span> 
     </span>
    </p>

    <p class='ocr_par' dir='ltr' id='par_1_11' title="bbox 345 4021 1433 4105">
     <span class='ocr_line' id='line_1_31' title="bbox 345 4021 1433 4105; baseline -0.001 -19"><span class='ocrx_word' id='word_1_257' title='bbox 345 4021 430 4086; x_wconf 89' lang='lat' dir='ltr'>Novi</span> <span class='ocrx_word' id='word_1_258' title='bbox 451 4021 646 4086; x_wconf 81' lang='lat' dir='ltr'>Testamenti</span> <span class='ocrx_word' id='word_1_259' title='bbox 664 4023 668 4104; x_wconf 87' lang='grc'>1</span> <span class='ocrx_word' id='word_1_260' title='bbox 687 4023 759 4086; x_wconf 87' lang='lat' dir='ltr'>Iesu</span> <span class='ocrx_word' id='word_1_261' title='bbox 779 4022 896 4088; x_wconf 80' lang='lat' dir='ltr'>Christi</span> <span class='ocrx_word' id='word_1_262' title='bbox 916 4022 919 4104; x_wconf 77' lang='lat' dir='ltr'>l</span> <span class='ocrx_word' id='word_1_263' title='bbox 938 4022 1068 4103; x_wconf 82' lang='lat' dir='ltr'>Graeci,</span> <span class='ocrx_word' id='word_1_264' title='bbox 1095 4023 1156 4086; x_wconf 91' lang='lat' dir='ltr'>hoc</span> <span class='ocrx_word' id='word_1_265' title='bbox 1177 4028 1241 4102; x_wconf 88' lang='lat' dir='ltr'>est,</span> <span class='ocrx_word' id='word_1_266' title='bbox 1269 4022 1433 4105; x_wconf 83' lang='lat' dir='ltr'>originalis</span> 
     </span>
    </p>

    <p class='ocr_par' dir='ltr' id='par_1_12' title="bbox 426 4135 1433 4218">
     <span class='ocr_line' id='line_1_32' title="bbox 426 4135 1433 4218; baseline 0.001 -19"><span class='ocrx_word' id='word_1_267' title='bbox 426 4135 566 4218; x_wconf 75' lang='lat' dir='ltr'>linguael</span> <span class='ocrx_word' id='word_1_268' title='bbox 580 4137 814 4198; x_wconf 71' lang='lat' dir='ltr'><strong><em>TAMKION</em></strong></span> <span class='ocrx_word' id='word_1_269' title='bbox 820 4139 823 4218; x_wconf 77' lang='lat' dir='ltr'>l</span> <span class='ocrx_word' id='word_1_270' title='bbox 834 4136 915 4214; x_wconf 89' lang='lat' dir='ltr'>[aliis</span> <span class='ocrx_word' id='word_1_271' title='bbox 926 4135 1185 4215; x_wconf 80' lang='lat' dir='ltr'>Concordantiae}</span> <span class='ocrx_word' id='word_1_272' title='bbox 1197 4137 1358 4216; x_wconf 77' lang='lat' dir='ltr'>lhactenus</span> <span class='ocrx_word' id='word_1_273' title='bbox 1372 4137 1433 4201; x_wconf 87' lang='lat' dir='ltr'>uni-</span> 
     </span>
    </p>

    <p class='ocr_par' dir='ltr' id='par_1_13' title="bbox 426 4251 1431 4333">
     <span class='ocr_line' id='line_1_33' title="bbox 426 4251 1431 4333; baseline 0.001 -20"><span class='ocrx_word' id='word_1_274' title='bbox 426 4255 492 4315; x_wconf 88' lang='lat' dir='ltr'>tato</span> <span class='ocrx_word' id='word_1_275' title='bbox 511 4251 515 4333; x_wconf 84' lang='grc' dir='ltr'>Ι</span> <span class='ocrx_word' id='word_1_276' title='bbox 534 4251 727 4330; x_wconf 83' lang='lat' dir='ltr'>Correctius&#39;,</span> <span class='ocrx_word' id='word_1_277' title='bbox 746 4254 750 4332; x_wconf 94' lang='grc' dir='ltr'>Ι</span> <span class='ocrx_word' id='word_1_278' title='bbox 776 4251 998 4332; x_wconf 80' lang='lat' dir='ltr'>Ordinatius,l</span> <span class='ocrx_word' id='word_1_279' title='bbox 1024 4251 1227 4332; x_wconf 87' lang='lat' dir='ltr'>Distinctius,</span> <span class='ocrx_word' id='word_1_280' title='bbox 1246 4251 1250 4333; x_wconf 75' lang='lat' dir='ltr'>l</span> <span class='ocrx_word' id='word_1_281' title='bbox 1268 4251 1405 4331; x_wconf 90' lang='lat' dir='ltr'>Plenius,</span> <span class='ocrx_word' id='word_1_282' title='bbox 1428 4255 1431 4330; x_wconf 78' lang='lat' dir='ltr'>t</span> 
     </span>
    </p>

    <p class='ocr_par' dir='ltr' id='par_1_14' title="bbox 427 4340 1432 4450">
     <span class='ocr_line' id='line_1_34' title="bbox 427 4340 1432 4450; baseline 0 -21"><span class='ocrx_word' id='word_1_283' title='bbox 427 4367 495 4430; x_wconf 91' lang='lat' dir='ltr'>Iam</span> <span class='ocrx_word' id='word_1_284' title='bbox 514 4365 631 4431; x_wconf 92' lang='lat' dir='ltr'>dudum</span> <span class='ocrx_word' id='word_1_285' title='bbox 648 4366 825 4450; x_wconf 89' lang='lat' dir='ltr'>apluribus</span> <span class='ocrx_word' id='word_1_286' title='bbox 837 4365 1065 4430; x_wconf 88' lang='lat' dir='ltr'>desideratum:</span> <span class='ocrx_word' id='word_1_287' title='bbox 1085 4369 1089 4445; x_wconf 78' lang='lat' dir='ltr'>l</span> <span class='ocrx_word' id='word_1_288' title='bbox 1113 4367 1165 4429; x_wconf 89' lang='lat' dir='ltr'>lta</span> <span class='ocrx_word' id='word_1_289' title='bbox 1184 4340 1432 4448; x_wconf 74' lang='lat' dir='ltr'>concinnatuml</span> 
     </span>
    </p>

    <p class='ocr_par' dir='ltr' id='par_1_15' title="bbox 428 4479 1431 4566">
     <span class='ocr_line' id='line_1_35' title="bbox 428 4479 1431 4566; baseline 0 -22"><span class='ocrx_word' id='word_1_290' title='bbox 428 4485 462 4544; x_wconf 92' lang='lat' dir='ltr'>ut</span> <span class='ocrx_word' id='word_1_291' title='bbox 481 4486 513 4544; x_wconf 90' lang='lat' dir='ltr'>et</span> <span class='ocrx_word' id='word_1_292' title='bbox 532 4481 603 4546; x_wconf 89' lang='lat' dir='ltr'>loca</span> <span class='ocrx_word' id='word_1_293' title='bbox 620 4484 625 4563; x_wconf 87' lang='lat' dir='ltr'>l</span> <span class='ocrx_word' id='word_1_294' title='bbox 643 4480 830 4566; x_wconf 87' lang='lat' dir='ltr'>reperiendi,</span> <span class='ocrx_word' id='word_1_295' title='bbox 853 4485 885 4544; x_wconf 88' lang='lat' dir='ltr'>et</span> <span class='ocrx_word' id='word_1_296' title='bbox 896 4480 1015 4546; x_wconf 88' lang='lat' dir='ltr'>Vocum</span> <span class='ocrx_word' id='word_1_297' title='bbox 1036 4499 1128 4546; x_wconf 89' lang='lat' dir='ltr'>veras</span> <span class='ocrx_word' id='word_1_298' title='bbox 1150 4479 1431 4565; x_wconf 73' lang='lat' dir='ltr'>Significationen,l</span> 
     </span>
    </p>
   </div>
   <div class='ocr_carea' id='block_1_11' title="bbox 0 0 1872 5726">
    <p class='ocr_par' dir='ltr' id='par_1_16' title="bbox 0 0 1872 5726">
     <span class='ocr_line' id='line_1_36' title="bbox 0 0 1872 5726; baseline 0 0"><span class='ocrx_word' id='word_1_299' title='bbox 0 0 1872 5726; x_wconf 95' lang='lat' dir='ltr'> </span> 
     </span>
    </p>
   </div>
  </div>
 </body>
</html>
