3738 5720
869 553 1150 606 PROLEOOMENA.

627 715 745 762 eorum-
765 698 769 778 Ι
787 697 861 763 dem
881 699 1039 764 Hebraico
1067 699 1175 781 lectio,
1203 706 1234 764 et
1260 699 1328 765 eius
1354 699 1510 784 expositio
1535 698 1629 764 facile

626 812 760 876 inueniri
790 814 898 896 possit.
929 815 934 895 l
973 814 1095 880 Fratris
1124 814 1289 880 Michaelis
1318 815 1432 896 Angcli
1462 833 1482 877 a
1513 815 1630 879 Sancto

626 926 758 991 Romulo
787 927 915 993 Ordinis
935 929 1090 993 Minomm
1117 928 1158 993 de
1186 928 1411 1010 Obseruantia,
1443 929 1630 994 Prouinciae

627 1041 773 1125 Genuae,
795 1043 910 1108 Sacrae
932 1043 1126 1126 Theologiae
1144 1047 1149 1123 Ι
1167 1044 1368 1128 professoris,
1400 1050 1432 1108 et
1456 1043 1575 1110 Romae
1595 1044 1629 1107 in

627 1156 791 1222 Oonuentu
827 1158 858 1223 S.
886 1157 1007 1223 Mariae
1040 1158 1081 1223 de
1113 1158 1258 1224 Aracaeli
1289 1158 1465 1223 Hebraicae
1500 1158 1628 1240 linguae

624 1271 764 1335 Lectoris
786 1272 953 1354 generalis,
972 1279 976 1346 Ι
995 1272 1108 1354 studio,
1133 1293 1170 1338 ac
1191 1273 1299 1337 labore
1321 1272 1477 1356 dispositi,
1500 1279 1531 1337 et
1548 1272 1629 1337 ordi·

628 1387 704 1450 nati.
723 1391 727 1464 l
746 1387 795 1451 De
816 1387 965 1451 mandato
977 1386 1196 1452 Reverendiss.
1212 1389 1246 1452 P.
1261 1389 1297 1452 F.
1311 1388 1479 1470 Benignia
1495 1388 1607 1453 Genua
1622 1389 1626 1468 Ι

626 1501 721 1565 totius
751 1499 879 1566 Ordinis
900 1502 1046 1566 Fratrum
1073 1502 1228 1567 Minorum
1254 1503 1390 1566 Ministri
1419 1502 1592 1568 Generalis.
1622 1506 1626 1584 Ι

626 1615 643 1694 (
648 1615 745 1700 Infra
765 1614 841 1678 baec
857 1615 1001 1700 leputatur
1015 1630 1148 1701 quatuor
1161 1619 1275 1701 priora
1295 1618 1389 1680 cerba
1406 1615 1555 1679 hebraica
1567 1616 1632 1679 loci

626 1730 740 1796 Psalm.
752 1732 817 1812 119,
832 1731 880 1792 96.
893 1732 1059 1796 ardabasto
1080 1733 1275 1812 ornamento)
1290 1732 1417 1796 Romae.
1459 1731 1508 1794 Ex
1522 1732 1627 1816 Typo-

626 1843 761 1928 graphia
786 1843 941 1928 Stephani
968 1845 1103 1909 Paulini.
1132 1859 1357 1910 M.Dc.xxl1.
1382 1850 1387 1928 l
1426 1847 1627 1930 Svpcriorvm

625 1960 789 2043 permissu.

426 2077 464 2134 45
486 2074 578 2154 lolia,
605 2060 688 2156 quae
712 2073 795 2138 huno
819 2074 944 2137 titulum
971 2094 991 2137 a
1013 2074 1142 2138 sinistra
1166 2074 1208 2138 ad
1231 2075 1374 2140 dextram
1395 2075 1626 2161 progrediendo

426 2195 605 2270 sequuntur,
626 2189 753 2271 signata
774 2194 845 2253 sunt
867 2188 980 2252 litteris
1003 2189 1030 2252 Α
1056 2190 1123 2267 -Η,
1145 2210 1276 2271 quarum
1297 2191 1359 2254 Hl
1381 2190 1466 2272 folia,
1487 2190 1627 2272 reliquae

426 2303 543 2367 ululis
572 2304 827 2387 complectuntur.
875 2302 989 2367 Eomm
1019 2303 1157 2386 paginae
1182 2310 1254 2368 sunt
1276 2304 1543 2388 quadripartitae,
1570 2303 1628 2368 sed

425 2417 562 2482 numeris
587 2417 799 2501 superioribus
828 2423 945 2482 carent.
987 2418 1054 2482 Fol.
1076 2419 1104 2482 A
1125 2419 1282 2485 2³—G6a
1304 2419 1465 2484 continent
1485 2418 1627 2484 Iudicem

424 2532 606 2596 Dictionum
634 2532 833 2613 Latinarum,
869 2532 922 2599 l'ol.
953 2533 1079 2599 Gdb—
1092 2533 1121 2596 H
1136 2535 1168 2594 <lb
1190 2532 1331 2598 Iudicem
1359 2534 1530 2599 Nominum
1557 2553 1627 2616 pro·
1704 2601 1707 2606 ,

425 2646 596 2728 priorum.¹

505 2762 541 2824 ln
562 2761 622 2826 hoc
643 2782 737 2845 opere
755 2760 1010 2846 splendidissimo
1029 2769 1061 2826 ct
1071 2763 1341 2846 sumptuosissimo
1354 2767 1458 2826 textus
1472 2761 1627 2826 hebraeus

425 2875 887 2942 exNathanisOoncordantiis
908 2896 1003 2960 supra
1024 2876 1191 2960 descriptis
1212 2875 1396 2960 desumptus
1419 2884 1475 2957 est,
1496 2877 1626 2959 eiusque

424 2989 500 3053 ordo
528 2997 559 3054 et
587 2989 750 3056 methodus
778 2997 916 3073 retenta,
950 2992 1062 3056 sedula
1094 2999 1198 3056 autem
1223 2991 1378 3055 industria
1404 2997 1452 3056 est
1480 2990 1625 3055 adhibita

424 3105 457 3167 in
480 3103 685 3168 emendandis
707 3104 889 3189 depravatis
911 3111 977 3169 tum
997 3106 1134 3170 numeris
1157 3112 1222 3169 tum
1244 3104 1382 3186 vocibus,
1401 3105 1457 3169 sed
1475 3105 1535 3169 loci
1550 3104 1624 3169 defi-

425 3219 544 3283 cientes
565 3239 627 3283 non
649 3220 783 3284 restituti
805 3227 884 3284 sunt.
938 3221 1039 3285 Voces
1061 3219 1253 3285 Ohaldaicac
1275 3239 1313 3283 ex
1336 3218 1471 3284 Daniele
1492 3225 1523 3284 et
1545 3219 1627 3283 Esra

425 3333 543 3416 passim
564 3333 629 3398 suis
643 3334 720 3398 locis
741 3340 813 3398 sumt
833 3313 980 3416 insertae,
1001 3354 1064 3398 non
1085 3313 1189 3398 tamen
1209 3354 1324 3398 omncs.
1360 3333 1514 3398 Radicum
1531 3353 1625 3417 expo-

425 3447 592 3511 sitionibus
614 3447 772 3513 hebraicis
793 3448 1000 3513 R.Nathanis
1021 3451 1114 3530 (quae
1139 3449 1171 3512 in
1193 3448 1252 3513 hoc
1274 3468 1368 3532 opero
1386 3468 1458 3530 non,
1481 3448 1573 3512 sicuti
1592 3448 1625 3512 in

343 3613 346 3622 .
425 3560 494 3639 illo,
526 3561 714 3641 rabbinicis,
743 3562 799 3626 sed
827 3562 985 3627 hebraicis
1013 3563 1099 3646 typis
1126 3563 1303 3646 exscriptae
1330 3565 1415 3644 sunt)
1444 3563 1552 3626 iuncta
1576 3568 1625 3627 est

424 3675 525 3738 latina
551 3675 676 3739 illarum
697 3676 928 3760 interpretatio,
957 3697 1054 3758 quae,
1085 3676 1245 3742 Buxtorfio
1273 3683 1352 3741 teste
1374 3677 1406 3740 in
1430 3676 1626 3759 praelatione

425 3789 741 3869 Concordantiamm,
770 3810 808 3854 ex
832 3790 997 3856 Reuchlini
1026 3791 1170 3856 versione
1201 3811 1297 3874 supra
1318 3797 1491 3855 memorata
1514 3790 1625 3855 maiori

424 3910 576 3987 exparte
603 3910 651 3968 est
678 3903 851 3989 desumpta.
893 3905 975 3969 Huic
1001 3905 1191 3988 expositioni
1218 3904 1333 3970 deinde
1362 3905 1544 3989 ampliorem
1572 3924 1625 3968 au-

424 4025 490 4083 ctor
506 4018 576 4102 ipsc
597 4017 731 4082 addidit.
771 4020 938 4083 Praeterea
959 4039 1052 4084 voces
1074 4020 1207 4083 aliamm
1228 4019 1415 4102 linguamm,
1433 4024 1468 4083 ut
1488 4018 1626 4083 rabbini-

424 4153 487 4213 cas,
508 4132 687 4214 chaldaeus,
710 4133 851 4215 syriacas
870 4141 901 4198 et
918 4133 1072 4213 arabicas,
1094 4134 1135 4199 ab
1152 4133 1265 4198 iisdem
1277 4134 1436 4198 radicibus
1450 4151 1488 4198 ac
1501 4132 1624 4197 hebrai-

424 4268 481 4312 cae
502 4247 738 4329 descendentes,
761 4248 812 4312 vel
834 4268 903 4312 cum
924 4247 974 4312 his
991 4248 1227 4330 convenientes,
1250 4248 1342 4312 simul
1364 4248 1454 4312 affert
1475 4253 1506 4312 et
1526 4246 1625 4330 expli-

470 4493 476 4524 ¹
500 4490 562 4549 Hoc
583 4509 657 4569 opus
678 4488 709 4546 in
731 4486 916 4547 Bibliotheca
937 4487 1073 4550 hosdem.
1096 4488 1217 4548 Halensi
1239 4493 1379 4547 servatur.
