3728 5726
675 537 956 590 PROLEGOMENA.
1324 537 1426 590 XLVII

230 704 375 749 numeros
397 684 536 768 capitum
554 689 586 748 et
608 703 753 748 versuum
773 704 851 765 non,
872 685 954 748 sicut
973 683 1019 746 illi
1038 687 1111 764 tres,
1133 682 1245 747 litteris
1265 682 1431 764 hebraicis,

232 800 298 882 sed,
319 800 401 864 sicut
422 798 542 881 hiduo,
563 798 710 881 arabicis,
732 799 786 881 qui
800 798 954 878 dicuntur,
975 797 1138 880 indicavit,
1160 817 1221 878 quo
1243 801 1430 880 conspectus

232 920 315 978 esset
334 913 465 978 facilior.
508 913 649 996 Singulis
670 913 777 978 t'ormis
798 912 1199 992 verborumnominumve,
1218 932 1298 993 quas
1321 911 1363 975 ad
1384 913 1430 976 in-

180 1065 183 1072 ·
229 1027 427 1093 scribendam
440 1034 549 1108 totam,
571 1047 653 1109 quae
665 1028 813 1109 sequitur,
833 1027 971 1092 locorum
984 1019 1203 1110 productorum
1218 1027 1330 1092 seriem
1341 1047 1431 1111 prae-

228 1141 305 1224 fixit,
323 1142 474 1206 nonnulla
488 1140 614 1224 adiecit,
637 1141 750 1223 quibus
771 1140 907 1224 sphaera
926 1142 1142 1224 grammatica,
1165 1140 1207 1205 ad
1228 1161 1322 1224 quam
1337 1161 1431 1238 quae·

229 1277 289 1339 que
309 1255 473 1322 referenda
494 1265 550 1339 est,
571 1257 746 1321 accuratius
766 1255 955 1321 definiretur.
997 1257 1150 1322 Perfacile
1169 1257 1266 1340 igitur
1287 1262 1318 1320 et
1331 1256 1431 1339 primo

230 1372 340 1438 obtutu
360 1373 507 1455 cognosci
530 1377 643 1456 potest,
665 1391 820 1455 quaenam
838 1373 989 1454 cuiusque
1004 1373 1141 1438 nominis
1154 1373 1273 1438 formae
1286 1372 1319 1436 in
1334 1372 1432 1438 Sacra

232 1487 395 1571 Scriptura
417 1493 621 1571 usurpentur;
656 1488 731 1552 item
753 1487 786 1550 in
808 1486 942 1569 singulis
962 1487 1067 1552 verbis
1086 1487 1240 1551 adnotata
1261 1493 1334 1552 sunt
1354 1493 1431 1552 tem-

228 1608 314 1685 pora',
337 1601 449 1684 quibus
472 1602 648 1686 Scriptores
671 1602 760 1666 Sacri
781 1605 919 1682 utuntur,
940 1606 1035 1682 atque
1056 1600 1141 1665 modi
1162 1621 1284 1684 eorum;
1316 1601 1431 1666 discre-

228 1721 280 1781 tae
300 1736 339 1781 ac
359 1718 490 1782 seorsim
506 1718 630 1801 positae
652 1723 725 1781 sunt
744 1717 864 1781 formae
882 1716 1054 1781 secrrndum
1067 1694 1280 1800 personarum,
1302 1716 1432 1795 numeri,
1482 1805 1485 1812 Δ

227 1831 423 1914 suffixorum,
456 1832 725 1917 praepositionum
748 1831 1009 1915 inseparabilium
1037 1830 1245 1897 diversitates.
1276 1867 1312 1877 —
1353 1831 1432 1896 Cum

230 1945 308 2028 ipsis
330 1946 572 2011 Concordantiia
594 1945 757 2010 coniunxit
780 1946 920 2007 Lem'oou
942 1945 1184 2028 etymologicum
1204 1945 1332 2028 linguae
1344 1945 1381 2010 V.
1392 1945 1430 2008 Τ.

228 2058 395 2125 hebraicae
416 2066 512 2141 atque
533 2061 721 2142 aramaicae,
742 2058 825 2142 quod
848 2059 981 2142 singulis
1003 2059 1166 2124 vocabulis
1184 2059 1221 2123 V.
1238 2060 1275 2123 T.
1290 2059 1431 2143 proxime

228 2169 410 2239 adiunctum
432 2181 481 2240 est
502 2194 603 2257 eaque
624 2175 758 2258 primum
780 2173 987 2237 oeolebraz'ca
1007 2174 1117 2258 lingua
1139 2174 1323 2256 (rabbinicis
1343 2174 1431 2257 typis

227 2289 408 2372 exscripta),
428 2287 544 2354 deinde
565 2289 668 2351 totana
685 2288 833 2372 explicat,
855 2307 950 2370 quam
964 2288 1148 2354 brevissime
1161 2287 1201 2354 de
1215 2289 1339 2373 etymis,
1360 2308 1431 2353 con-

229 2401 423 2485 formatione,
444 2408 696 2486 potestatumque
717 2422 807 2466 nexu
821 2402 875 2466 via
897 2402 1234 2486 historico-analytica
1251 2402 1379 2467 disserit
1400 2409 1433 2467 et

229 2536 293 2581 non
305 2517 406 2581 solum
420 2516 463 2582 ad
479 2517 559 2582 imas
573 2517 796 2582 vocabulorum
809 2516 933 2583 radices
947 2527 1122 2602 penetrare,
1135 2518 1192 2582 scd
1206 2519 1303 2582 etiam
1317 2518 1432 2600 omnia,

229 2652 310 2714 quae
331 2634 460 2698 maioris
480 2633 628 2698 momenti
650 2653 689 2698 ac
710 2632 859 2716 ponderis
880 2639 962 2715 sunt,
985 2632 1250 2717 comprehendere
1260 2633 1411 2715 satagit.¹

307 2748 377 2813 Hae
396 2746 579 2814 Fuerstii
601 2747 860 2828 Concordantiae,
881 2766 1071 2829 quamquam
1093 2746 1215 2830 priores
1234 2747 1328 2829 longe
1342 2766 1433 2829 supe-

231 2863 312 2942 rant,
331 2865 437 2924 tamen
456 2859 591 2924 eundem
612 2859 731 2924 habent
750 2858 906 2925 delectum
927 2859 1149 2924 hebraicarum
1163 2859 1431 2944 partz'colarom‚²

278 3115 353 3174 'Sic
379 3120 482 3174 auctor
506 3115 571 3190 ipse
599 3115 631 3173 in
657 3116 753 3174 Praei.
781 3135 808 3191 p.
824 3115 889 3173 VII.
911 3115 948 3172 de
970 3115 1148 3174 hocLexico
1171 3121 1289 3187 censet,
1319 3121 1350 3176 et
1365 3137 1435 3176 vere

230 3231 343 3270 summa
370 3211 458 3269 laude
481 3211 602 3286 dignum
619 3217 683 3284 ,est-3
704 3232 778 3270 uam
807 3212 890 3269 hebr.
912 3231 998 3270 voces
1020 3232 1078 3269 non
1105 3211 1198 3270 solum
1221 3232 1286 3272 curn
1311 3214 1435 3272 aliarum

230 3309 445 3378 semitioarum,
476 3309 526 3365 scd
556 3307 644 3366 etiam
670 3328 737 3366 cum
763 3309 1092 3381 indo-germanicarum
1118 3307 1285 3381 linguarum
1313 3310 1433 3369 vocibus

231 3409 393 3482 comparat,
423 3424 497 3482 quas
524 3423 590 3462 cum
618 3405 679 3463 illis
708 3412 846 3478 cognatus
875 3405 996 3466 iudicat.
1045 3406 1136 3462 Recte
1162 3404 1254 3476 igitur
1284 3408 1435 3464 contendit

230 3503 307 3575 „tole
328 3501 459 3560 Lexieon
487 3522 553 3560 eum
578 3503 799 3562 Concordentiie
820 3505 948 3561 nondum
973 3523 1137 3562 connexum
1158 3503 1253 3562 fuisse
1277 3503 1434 3583 (siquidem

232 3599 389 3676 explicatio
411 3599 617 3658 vocabulorum
637 3600 668 3658 in
691 3600 913 3659 concordantiis
933 3600 1129 3659 Buxtorfianis
1153 3601 1188 3658 ad
1211 3601 1435 3659 similitudinem

231 3701 338 3761 veteris
360 3715 428 3758 anus
451 3711 526 3754 ntur>
549 3699 636 3770 facta,
656 3698 706 3756 vix
726 3698 905 3757 vocabularii
925 3707 1032 3757 nomen
1053 3698 1186 3777 meret).“
1220 3701 1300 3758 Haec
1317 3700 1435 3777 quidem

232 3798 389 3874 explicatio
410 3798 508 3866 hebn,
531 3815 607 3873 quae
630 3797 796 3853 Nathanem
818 3797 908 3854 habet
927 3803 1092 3869 auctorem,
1114 3801 1203 3874 atque
1226 3817 1243 3855 a
1266 3797 1381 3856 Gelasio
1405 3803 1436 3854 et

232 3896 382 3954 Buxtorfio
413 3917 479 3955 eum
507 3896 598 3954 latina
620 3894 753 3954 versione
782 3896 819 3952 ab
844 3895 918 3970 ipsis
938 3896 1040 3954 addita
1061 3895 1187 3972 repetita
1206 3901 1260 3966 est,
1282 3895 1331 3954 vix
1352 3916 1435 3955 voea-

231 3992 338 4051 bularii
358 3994 475 4052 nominc
496 3997 543 4051 eat
563 3992 667 4066 digna;
689 3996 720 4049 at
741 4011 785 4070 ea,
809 4011 884 4070 quae
909 3992 1043 4051 (talasius
1065 3992 1135 4051 huic
1156 3992 1282 4052 breviori
1303 3993 1433 4069 explica-

231 4089 306 4148 tioni
323 4089 388 4165 ipse
406 4089 545 4148 adiunxit
560 4088 650 4166 (conf.
666 4088 836 4164 exemplum
858 4109 947 4166 supra
967 4110 994 4165 p.
1006 4090 1128 4147 XXVII
1140 4109 1182 4165 sq.
1201 4089 1333 4166 allatum)
1352 4096 1431 4148 certe

232 4186 411 4244 vocabularii
424 4186 510 4244 initia
526 4186 657 4243 continet
669 4203 721 4260 pro
738 4184 820 4242 illius
835 4187 975 4260 temporis
990 4185 1097 4250 studiis
1108 4184 1297 4260 philologieis
1312 4186 1431 4244 minime

233 4283 406 4357 spernenda.
449 4283 547 4346 Quare
563 4283 713 4358 suspicor„
724 4283 890 4340 Fuerstium
906 4283 1135 4342 Concordantias
1156 4282 1241 4339 Marii
1257 4283 1294 4340 de
1310 4283 1435 4354 Gelasio,

232 4398 356 4454 quarum
376 4401 404 4456 p.
419 4378 495 4438 1295
513 4380 684 4438 brevissime
706 4379 884 4436 mentionem
905 4380 987 4452 fecit,
1008 4399 1066 4438 non
1087 4378 1206 4455 penitus
1227 4398 1322 4438 nosse.

275 4479 287 4510 ²
308 4476 459 4540 Quaedam
482 4481 596 4536 tantum
618 4478 655 4534 ab
675 4481 796 4534 auctore
816 4481 953 4553 receptae
969 4482 1047 4546 sunt,
1068 4482 1103 4534 ut
1123 4471 1200 4550 rpus,
1222 4490 1263 4556 up.
