3738 5720
866 487 1144 562 Pnonncounul.

605 645 828 739 derivatorum,
842 645 892 710 vel
910 664 979 709 cum
994 644 1107 710 iisdem
1122 644 1357 731 quoquomodo
1374 644 1604 728 congruentium

607 760 843 825 convenientia:
885 760 987 824 Voces
1021 759 1203 825 Chaldaeae
1236 780 1318 843 quae
1352 760 1546 845 reperiuntur
1571 757 1605 820 in

605 875 695 940 libris
722 875 859 956 Hezrae,
894 880 925 938 et
953 874 1071 938 Daniel
1100 875 1190 938 iuxta
1216 875 1443 940 Hebraicarum
1469 874 1604 939 ordinem

607 995 754 1055 accurata
782 1009 880 1073 opera
904 988 1063 1071 digestae:
1096 989 1317 1073 Interpretatio
1342 990 1458 1054 Latina
1478 988 1521 1053 ad
1542 1007 1604 1054 ver-

537 1109 540 1118 ’
598 1105 695 1169 bum:
718 1103 829 1168 addita
848 1103 881 1168 in
900 1103 1043 1186 margine
1062 1103 1153 1168 varia
1172 1103 1307 1169 lectione
1327 1104 1480 1187 Vulgatae
1500 1101 1604 1168 editio-

606 1219 665 1302 nis,
687 1225 719 1283 et
743 1217 953 1302 Septuaginta
975 1219 1182 1302 Interpretum
1205 1217 1247 1282 ad
1267 1219 1440 1299 quamlibet
1461 1218 1606 1300 cuiusque

605 1333 752 1398 thematis
773 1331 938 1413 Hebraici,
969 1331 1197 1415 chaldaicique
1219 1331 1389 1398 dictionem
1417 1333 1546 1400 fideliter
1566 1352 1605 1396 ac

605 1446 773 1530 diligenter
793 1447 983 1512 examinata.

526 1584 663 1648 Nomina
681 1602 803 1667 quoque
824 1581 953 1666 propria
970 1575 1126 1664 Hebraea,
1147 1589 1179 1647 et
1193 1582 1355 1676 Chaldaea
1376 1583 1518 1663 virorum,
1540 1601 1605 1645 mu-

606 1698 731 1780 lierum,
752 1697 954 1781 populorum,
976 1696 1146 1778 idolorum,
1165 1697 1304 1776 urbium,
1325 1696 1502 1776 fluviorum,
1520 1716 1605 1760 mon-

607 1813 694 1894 tium,
715 1818 969 1893 caeterorumque
989 1811 1137 1892 locorum,
1156 1831 1237 1893 quae
1260 1812 1293 1876 in
1307 1812 1420 1876 Bibliis
1434 1813 1584 1896 leguntur.

530 1948 619 2027 Quae
641 1948 707 2012 ¹suis
725 1947 850 2031 singula
870 1946 956 2028 locis,
977 1954 1008 2010 et
1029 1946 1139 2012 ordine
1160 1947 1360 2030 alphabetico
1383 1949 1546 2028 succincte,
1567 1967 1607 2011 ac

882 2060 1020 2126 dilucide
1041 2061 1239 2146 explicantur
1287 2089 1288 2094 ¹
1318 2059 1319 2064 ’

525 2231 553 2294 Α
574 2230 610 2293 R.
631 2230 665 2293 P.
683 2230 774 2294 Doct.
795 2229 848 2292 Fr.
869 2229 969 2292 Mario
990 2227 1030 2292 de
1052 2228 1178 2294 Calasio
1201 2227 1330 2293 Ordinis
1350 2229 1425 2292 Min.
1445 2228 1485 2292 de
1505 2228 1632 2293 obser·

557 2344 665 2410 Sancti
684 2343 845 2408 Francisci
867 2344 956 2408 Prov.
974 2343 1062 2407 Rom.
1083 2343 1226 2425 Linguae
1243 2342 1379 2408 Sanctae
1398 2342 1584 2408 Professore.

405 2478 466 2542 Hic
493 2478 582 2542 Tum.
605 2477 629 2540 Ι.
657 2473 956 2541 Concordantiarum
985 2476 1123 2558 (praeter
1153 2476 1189 2535 12
1216 2473 1293 2539 folia
1319 2474 1411 2540 modo
1438 2474 1607 2559 descripta,

406 2610 536 2673 quorum
559 2609 615 2654 sex
636 2589 741 2671 priora
761 2594 869 2652 carent
890 2588 1063 2670 signatura,
1084 2607 1139 2653 sex
1155 2588 1256 2670 altera
1278 2589 1403 2671 signata
1424 2595 1496 2654 sunt
1508 2589 1566 2654 litt.
1575 2592 1607 2670 b)

406 2705 615 2770 continet210
638 2702 784 2787 plagulas
805 2703 918 2767 litteris
932 2703 1049 2784 A—Z,
1062 2690 1224 2783 'Aa-Za,
1245 2703 1435 2769 Aaa-Ooo
1456 2704 1610 2786 signatae,

407 2839 537 2902 quarum
560 2837 701 2900 quaeque
724 2819 743 2880 3
764 2817 909 2901 plagulas
932 2817 1157 2911 complectitur.
1197 2815 1249 2880 Ad
1276 2817 1334 2882 has
1361 2818 1541 2900 signaturas
1562 2820 1608 2883 in-

405 2932 535 2998 feriores
563 2931 717 2998 accedunt
744 2932 777 2996 in
804 2951 929 3014 quaque
955 2932 1075 3015 pagina
1096 2934 1129 3012 (a
1153 2930 1265 2996 dextra
1288 2938 1319 2996 et
1340 2924 1520 3014 asinistra)
1541 2935 1608 2998 bini

406 3023 526 3111 numeri
545 3045 737 3130 superiorem
768 3065 975 3129 unaquaeque
998 3046 1081 3110 enim
1102 3045 1221 3129 duplici
1243 3046 1328 3110 linea
1348 3045 1456 3111 media
1476 3047 1509 3111 in
1530 3048 1609 3113 duas

407 3139 512 3245 partes
532 3168 580 3224 est
598 3159 719 3242 divisa,
748 3180 846 3244 quae,
870 3161 924 3225 ubi
944 3181 1007 3225 non
1027 3159 1291 3243 significationum
1313 3160 1558 3228 declarationem
1577 3170 1609 3228 et

407 3275 628 3340 convenientia
652 3274 785 3339 aliarum
810 3276 998 3358 linguarum,
1019 3273 1075 3339 sed
1093 3275 1188 3355 locos,
1210 3274 1376 3357 inquibus
1398 3275 1490 3340 radix
1514 3297 1608 3358 quae-

407 3389 480 3453 dam
501 3389 668 3470 invenitur,
688 3389 846 3468 exhibent,
869 3389 981 3454 iterum
999 3389 1135 3472 simplici
1148 3389 1233 3454 linea
1247 3389 1418 3472 bipartitae
1434 3397 1516 3474 sunt,
1533 3413 1608 3474 qua-

405 3509 533 3588 propter
556 3503 709 3587 plurimae
736 3505 874 3587 paginae
899 3502 1148 3587 quadripartitae
1174 3509 1338 3587 apparent.
1385 3504 1447 3569 Hic
1467 3506 1555 3571 Tom.
1573 3509 1608 3588 I.,

406 3618 459 3700 qui
486 3618 538 3682 fol.
559 3618 626 3684 Ooo
648 3620 694 3700 6³,
728 3638 801 3702 pag.
826 3619 902 3681 1438
927 3618 1049 3700 finitur,
1076 3618 1292 3702 complectitur
1313 3617 1436 3684 radices
1455 3620 1608 3690 alitteris

406 3733 507 3796 Ν-ῐ
537 3732 732 3816 incipientes.

486 3850 603 3916 Tomus
622 3853 662 3918 Il.
684 3853 715 3916 in
738 3853 840 3942 primo
863 3854 937 3920 folio
958 3853 1093 3920 eundem
1111 3853 1235 3919 titulum
1253 3852 1433 3936 generalem
1454 3850 1551 3916 habet
1570 3873 1609 3916 ac

405 3962 494 4026 Tom.
510 3965 550 4047 1.,
572 3967 638 4032 solo
659 3969 755 4033 Tomi*
773 3989 899 4034 numero
920 3975 1049 4034 mutato.
1094 3970 1131 4033 In
1158 3966 1361 4049 subsequenti
1380 3965 1455 4032 folio
1478 3967 1507 4029 A
1528 3968 1547 4027 2
1568 3967 1607 4032 si-

404 4083 501 4159 gnato
515 4082 631 4164 (pagb
647 4090 679 4148 et
692 4086 723 4165 6)
745 4083 864 4149 orditur
885 4083 1184 4149 Concordantiarum
1205 4083 1294 4146 Tom.
1306 4081 1345 4145 ΙΙ.
1368 4081 1410 4145 ab
1430 4079 1542 4145 eadem
1562 4081 1608 4145 in-

405 4191 574 4275 scriptione
600 4216 638 4262 ac
657 4197 709 4262 iol.
732 4200 760 4262 A
782 4201 826 4279 (1)
853 4198 944 4264 Tomi
966 4199 990 4262 Ι.
1032 4198 1092 4263 Hic
1113 4198 1217 4277 Tum,
1246 4195 1457 4278 complectens
1484 4195 1608 4260 radices

405 4324 425 4367 a
445 4304 688 4376 littorium—22
712 4313 915 4398 incipientes,
941 4313 1081 4378 continet
1110 4315 1164 4374 156
1185 4309 1333 4396 plagulas
1357 4307 1470 4373 litteris
1492 4309 1607 4390 A-Z,

404 4420 494 4483 Aa-
501 4427 553 4508 Zz,
567 4423 744 4492 Aaa-Fff
762 4429 914 4512 signatas,
936 4429 1013 4490 1246
1027 4447 1122 4512 pagg.
1139 4466 1173 4473 --
1188 4427 1305 4492 Tomus
1318 4425 1375 4490 ΙΙΙ.
1388 4422 1500 4489 eodem
1513 4421 1607 4487 modo
