<?xml version="1.0" encoding="UTF-8"?>
<!DOCTYPE html PUBLIC "-//W3C//DTD XHTML 1.0 Transitional//EN"
    "http://www.w3.org/TR/xhtml1/DTD/xhtml1-transitional.dtd">
<html xmlns="http://www.w3.org/1999/xhtml" xml:lang="en" lang="en">
 <head>
  <title>
</title>
<meta http-equiv="Content-Type" content="text/html;charset=utf-8" />
  <meta name='ocr-system' content='tesseract 3.04.00' />
  <meta name='ocr-capabilities' content='ocr_page ocr_carea ocr_par ocr_line ocrx_word'/>
</head>
<body>
  <div class='ocr_page' id='page_1' title='image "./concordantiarum00bindgoog_0075.png"; bbox 0 0 3728 5726; ppageno 0'>
   <div class='ocr_carea' id='block_1_1' title="bbox 387 513 1117 587">
    <p class='ocr_par' dir='ltr' id='par_1_1' title="bbox 387 513 1117 587">
     <span class='ocr_line' id='line_1_1' title="bbox 387 513 1117 587; baseline 0 -2"><span class='ocrx_word' id='word_1_1' title='bbox 387 534 435 585; x_wconf 83' lang='lat' dir='ltr'>nx</span> <span class='ocrx_word' id='word_1_2' title='bbox 836 513 1117 587; x_wconf 76' lang='lat' dir='ltr'>Paonnoounnn&#39;.</span> 
     </span>
    </p>
   </div>
   <div class='ocr_carea' id='block_1_2' title="bbox 317 680 1601 4546">
    <p class='ocr_par' dir='ltr' id='par_1_2' title="bbox 388 680 1588 879">
     <span class='ocr_line' id='line_1_2' title="bbox 388 680 1588 765; baseline 0.001 -21"><span class='ocrx_word' id='word_1_3' title='bbox 388 680 502 761; x_wconf 92' lang='lat' dir='ltr'>quibus</span> <span class='ocrx_word' id='word_1_4' title='bbox 530 680 830 746; x_wconf 83' lang='lat' dir='ltr'>Conoordantiamm</span> <span class='ocrx_word' id='word_1_5' title='bbox 860 681 945 764; x_wconf 93' lang='lat' dir='ltr'>prior</span> <span class='ocrx_word' id='word_1_6' title='bbox 974 702 1048 765; x_wconf 90' lang='lat' dir='ltr'>pars</span> <span class='ocrx_word' id='word_1_7' title='bbox 1070 683 1269 765; x_wconf 82' lang='lat' dir='ltr'><strong>proponitur,</strong></span> <span class='ocrx_word' id='word_1_8' title='bbox 1303 682 1420 746; x_wconf 89' lang='lat' dir='ltr'>babent</span> <span class='ocrx_word' id='word_1_9' title='bbox 1442 701 1588 746; x_wconf 90' lang='lat' dir='ltr'>numeros</span> 
     </span>
     <span class='ocr_line' id='line_1_3' title="bbox 388 794 747 879; baseline 0 -21"><span class='ocrx_word' id='word_1_10' title='bbox 388 794 564 879; x_wconf 80' lang='lat' dir='ltr'>superiores</span> <span class='ocrx_word' id='word_1_11' title='bbox 589 795 747 858; x_wconf 81' lang='lat'>1-1008.</span> 
     </span>
    </p>

    <p class='ocr_par' dir='ltr' id='par_1_3' title="bbox 387 909 1591 2120">
     <span class='ocr_line' id='line_1_4' title="bbox 467 909 1587 994; baseline 0 -21"><span class='ocrx_word' id='word_1_12' title='bbox 467 911 505 974; x_wconf 94' lang='lat' dir='ltr'>In</span> <span class='ocrx_word' id='word_1_13' title='bbox 526 909 625 974; x_wconf 91' lang='lat' dir='ltr'>tribus</span> <span class='ocrx_word' id='word_1_14' title='bbox 647 909 730 974; x_wconf 85' lang='lat' dir='ltr'>foliis</span> <span class='ocrx_word' id='word_1_15' title='bbox 750 909 875 992; x_wconf 87' lang='lat' dir='ltr'>utrique</span> <span class='ocrx_word' id='word_1_16' title='bbox 896 910 986 974; x_wconf 91' lang='lat' dir='ltr'>titulo</span> <span class='ocrx_word' id='word_1_17' title='bbox 1006 910 1157 994; x_wconf 84' lang='lat' dir='ltr'><strong>proximis</strong></span> <span class='ocrx_word' id='word_1_18' title='bbox 1171 910 1286 994; x_wconf 90' lang='lat' dir='ltr'>legitur</span> <span class='ocrx_word' id='word_1_19' title='bbox 1300 911 1435 976; x_wconf 88' lang='lat' dir='ltr'>auotoris</span> <span class='ocrx_word' id='word_1_20' title='bbox 1453 910 1496 973; x_wconf 88' lang='lat' dir='ltr'>ad</span> <span class='ocrx_word' id='word_1_21' title='bbox 1509 910 1587 976; x_wconf 86' lang='lat' dir='ltr'>Con-</span> 
     </span>
     <span class='ocr_line' id='line_1_5' title="bbox 387 1023 1589 1109; baseline 0 -21"><span class='ocrx_word' id='word_1_22' title='bbox 387 1024 471 1089; x_wconf 90' lang='lat' dir='ltr'>sules</span> <span class='ocrx_word' id='word_1_23' title='bbox 499 1029 531 1088; x_wconf 90' lang='lat' dir='ltr'>et</span> <span class='ocrx_word' id='word_1_24' title='bbox 552 1024 720 1090; x_wconf 82' lang='lat' dir='ltr'>Senatores</span> <span class='ocrx_word' id='word_1_25' title='bbox 746 1023 842 1089; x_wconf 84' lang='lat' dir='ltr'>Urbis</span> <span class='ocrx_word' id='word_1_26' title='bbox 862 1024 1043 1108; x_wconf 80' lang='lat' dir='ltr'>Groningae</span> <span class='ocrx_word' id='word_1_27' title='bbox 1068 1025 1130 1108; x_wconf 89' lang='lat' dir='ltr'>ipsi</span> <span class='ocrx_word' id='word_1_28' title='bbox 1158 1025 1281 1109; x_wconf 78' lang='lat' dir='ltr'>patriae</span> <span class='ocrx_word' id='word_1_29' title='bbox 1303 1024 1471 1090; x_wconf 89' lang='lat' dir='ltr'>Dedioatio</span> <span class='ocrx_word' id='word_1_30' title='bbox 1496 1024 1589 1089; x_wconf 91' lang='lat' dir='ltr'>huius</span> 
     </span>
     <span class='ocr_line' id='line_1_6' title="bbox 388 1137 1588 1222; baseline -0.001 -19"><span class='ocrx_word' id='word_1_31' title='bbox 388 1139 492 1222; x_wconf 89' lang='lat' dir='ltr'>operis</span> <span class='ocrx_word' id='word_1_32' title='bbox 513 1137 589 1202; x_wconf 90' lang='lat' dir='ltr'>data</span> <span class='ocrx_word' id='word_1_33' title='bbox 609 1139 791 1222; x_wconf 82' lang='lat' dir='ltr'>Groningae</span> <span class='ocrx_word' id='word_1_34' title='bbox 814 1159 842 1202; x_wconf 91' lang='lat' dir='ltr'>a.</span> <span class='ocrx_word' id='word_1_35' title='bbox 858 1141 942 1202; x_wconf 87' lang='grc'><strong>1717.</strong></span> <span class='ocrx_word' id='word_1_36' title='bbox 965 1138 1017 1203; x_wconf 89' lang='lat' dir='ltr'>die</span> <span class='ocrx_word' id='word_1_37' title='bbox 1041 1141 1089 1203; x_wconf 75' lang='lat'>24.</span> <span class='ocrx_word' id='word_1_38' title='bbox 1110 1139 1195 1221; x_wconf 75' lang='lat' dir='ltr'>Iulii,</span> <span class='ocrx_word' id='word_1_39' title='bbox 1223 1140 1256 1210; x_wconf 88' lang='lat' dir='ltr'>in</span> <span class='ocrx_word' id='word_1_40' title='bbox 1278 1139 1378 1204; x_wconf 88' lang='lat' dir='ltr'>tribus</span> <span class='ocrx_word' id='word_1_41' title='bbox 1399 1139 1588 1220; x_wconf 86' lang='lat' dir='ltr'>subsequen-</span> 
     </span>
     <span class='ocr_line' id='line_1_7' title="bbox 389 1253 1589 1338; baseline 0 -21"><span class='ocrx_word' id='word_1_42' title='bbox 389 1253 472 1318; x_wconf 84' lang='lat' dir='ltr'>tibus</span> <span class='ocrx_word' id='word_1_43' title='bbox 499 1254 566 1318; x_wconf 86' lang='lat' dir='ltr'>eius</span> <span class='ocrx_word' id='word_1_44' title='bbox 593 1253 750 1319; x_wconf 81' lang='lat' dir='ltr'>Praelatio</span> <span class='ocrx_word' id='word_1_45' title='bbox 779 1254 821 1318; x_wconf 88' lang='lat' dir='ltr'>ad</span> <span class='ocrx_word' id='word_1_46' title='bbox 848 1253 996 1318; x_wconf 85' lang='lat' dir='ltr'>lentorem</span> <span class='ocrx_word' id='word_1_47' title='bbox 1025 1253 1135 1318; x_wconf 90' lang='lat' dir='ltr'>eodem</span> <span class='ocrx_word' id='word_1_48' title='bbox 1163 1253 1215 1319; x_wconf 91' lang='lat' dir='ltr'>die</span> <span class='ocrx_word' id='word_1_49' title='bbox 1238 1254 1372 1338; x_wconf 84' lang='lat' dir='ltr'>scripta,</span> <span class='ocrx_word' id='word_1_50' title='bbox 1403 1254 1436 1317; x_wconf 92' lang='lat' dir='ltr'>in</span> <span class='ocrx_word' id='word_1_51' title='bbox 1465 1253 1589 1336; x_wconf 92' lang='lat' dir='ltr'>quade</span> 
     </span>
     <span class='ocr_line' id='line_1_8' title="bbox 388 1367 1589 1451; baseline 0.001 -20"><span class='ocrx_word' id='word_1_52' title='bbox 388 1367 595 1432; x_wconf 87' lang='lat' dir='ltr'>Kireheriano</span> <span class='ocrx_word' id='word_1_53' title='bbox 616 1387 734 1450; x_wconf 90' lang='lat' dir='ltr'>suoque</span> <span class='ocrx_word' id='word_1_54' title='bbox 757 1388 851 1451; x_wconf 90' lang='lat' dir='ltr'>opere</span> <span class='ocrx_word' id='word_1_55' title='bbox 872 1375 1017 1434; x_wconf 88' lang='lat' dir='ltr'>aeonrate</span> <span class='ocrx_word' id='word_1_56' title='bbox 1037 1369 1180 1450; x_wconf 78' lang='lat' dir='ltr'>disserit,</span> <span class='ocrx_word' id='word_1_57' title='bbox 1208 1388 1342 1451; x_wconf 90' lang='lat' dir='ltr'>sequens</span> <span class='ocrx_word' id='word_1_58' title='bbox 1363 1368 1471 1432; x_wconf 89' lang='lat' dir='ltr'>folium</span> <span class='ocrx_word' id='word_1_59' title='bbox 1493 1369 1589 1432; x_wconf 89' lang='lat' dir='ltr'>eonti-</span> 
     </span>
     <span class='ocr_line' id='line_1_9' title="bbox 388 1482 1589 1567; baseline 0 -21"><span class='ocrx_word' id='word_1_60' title='bbox 388 1488 443 1546; x_wconf 87' lang='lat' dir='ltr'>net</span> <span class='ocrx_word' id='word_1_61' title='bbox 459 1482 670 1567; x_wconf 84' lang='lat' dir='ltr'>Tbeologioae</span> <span class='ocrx_word' id='word_1_62' title='bbox 684 1485 859 1549; x_wconf 77' lang='lat' dir='ltr'>Facultatis</span> <span class='ocrx_word' id='word_1_63' title='bbox 870 1483 1061 1551; x_wconf 77' lang='lat' dir='ltr'>Academiae</span> <span class='ocrx_word' id='word_1_64' title='bbox 1074 1483 1282 1548; x_wconf 88' lang='lat' dir='ltr'>Pr·ovinoialis</span> <span class='ocrx_word' id='word_1_65' title='bbox 1294 1483 1454 1565; x_wconf 85' lang='lat' dir='ltr'>Groning-</span> <span class='ocrx_word' id='word_1_66' title='bbox 1463 1482 1589 1548; x_wconf 90' lang='lat' dir='ltr'>Omlan-</span> 
     </span>
     <span class='ocr_line' id='line_1_10' title="bbox 389 1595 1590 1680; baseline 0.001 -20"><span class='ocrx_word' id='word_1_67' title='bbox 389 1595 480 1662; x_wconf 90' lang='lat' dir='ltr'>dioae</span> <span class='ocrx_word' id='word_1_68' title='bbox 500 1597 688 1680; x_wconf 82' lang='lat' dir='ltr'>approbatio</span> <span class='ocrx_word' id='word_1_69' title='bbox 707 1597 821 1680; x_wconf 86' lang='lat' dir='ltr'>Operis</span> <span class='ocrx_word' id='word_1_70' title='bbox 839 1597 1032 1662; x_wconf 86' lang='lat' dir='ltr'>Trommiani</span> <span class='ocrx_word' id='word_1_71' title='bbox 1054 1617 1074 1660; x_wconf 92' lang='lat' dir='ltr'>a</span> <span class='ocrx_word' id='word_1_72' title='bbox 1092 1595 1190 1661; x_wconf 92' lang='lat' dir='ltr'>Paulo</span> <span class='ocrx_word' id='word_1_73' title='bbox 1210 1597 1320 1662; x_wconf 89' lang='lat' dir='ltr'>Hulsio</span> <span class='ocrx_word' id='word_1_74' title='bbox 1342 1597 1515 1670; x_wconf 75' lang='lat' dir='ltr'>Facultatis</span> <span class='ocrx_word' id='word_1_75' title='bbox 1537 1597 1590 1661; x_wconf 89' lang='lat' dir='ltr'>de-</span> 
     </span>
     <span class='ocr_line' id='line_1_11' title="bbox 389 1690 1590 1794; baseline -0.002 -18"><span class='ocrx_word' id='word_1_76' title='bbox 389 1731 468 1776; x_wconf 88' lang='lat' dir='ltr'>oano</span> <span class='ocrx_word' id='word_1_77' title='bbox 489 1711 670 1794; x_wconf 82' lang='lat' dir='ltr'>Groningae</span> <span class='ocrx_word' id='word_1_78' title='bbox 691 1711 882 1776; x_wconf 78' lang='lat' dir='ltr'>d.·21.Nov.</span> <span class='ocrx_word' id='word_1_79' title='bbox 905 1731 933 1774; x_wconf 86' lang='lat' dir='ltr'>a.</span> <span class='ocrx_word' id='word_1_80' title='bbox 949 1715 1034 1774; x_wconf 71' lang='lat' dir='ltr'>loro.</span> <span class='ocrx_word' id='word_1_81' title='bbox 1057 1711 1148 1793; x_wconf 91' lang='lat' dir='ltr'>data,</span> <span class='ocrx_word' id='word_1_82' title='bbox 1170 1712 1220 1776; x_wconf 91' lang='lat' dir='ltr'>oui</span> <span class='ocrx_word' id='word_1_83' title='bbox 1240 1690 1425 1776; x_wconf 81' lang='lat' dir='ltr'>subiunctae</span> <span class='ocrx_word' id='word_1_84' title='bbox 1445 1717 1517 1775; x_wconf 90' lang='lat' dir='ltr'>sunt</span> <span class='ocrx_word' id='word_1_85' title='bbox 1537 1731 1590 1775; x_wconf 92' lang='lat' dir='ltr'>au-</span> 
     </span>
     <span class='ocr_line' id='line_1_12' title="bbox 390 1825 1590 1910; baseline 0.001 -20"><span class='ocrx_word' id='word_1_86' title='bbox 390 1825 483 1890; x_wconf 90' lang='lat' dir='ltr'>otoris</span> <span class='ocrx_word' id='word_1_87' title='bbox 506 1826 669 1890; x_wconf 88' lang='lat' dir='ltr'>annotatio</span> <span class='ocrx_word' id='word_1_88' title='bbox 692 1826 732 1890; x_wconf 92' lang='lat' dir='ltr'>de</span> <span class='ocrx_word' id='word_1_89' title='bbox 756 1827 852 1891; x_wconf 83' lang='lat' dir='ltr'>moris</span> <span class='ocrx_word' id='word_1_90' title='bbox 872 1826 992 1908; x_wconf 88' lang='lat' dir='ltr'>aliquot</span> <span class='ocrx_word' id='word_1_91' title='bbox 1018 1845 1170 1890; x_wconf 90' lang='lat' dir='ltr'>annorum</span> <span class='ocrx_word' id='word_1_92' title='bbox 1194 1830 1265 1908; x_wconf 89' lang='lat' dir='ltr'>post</span> <span class='ocrx_word' id='word_1_93' title='bbox 1286 1832 1450 1910; x_wconf 89' lang='lat' dir='ltr'>aooeptam</span> <span class='ocrx_word' id='word_1_94' title='bbox 1477 1846 1590 1910; x_wconf 87' lang='lat' dir='ltr'>appro-</span> 
     </span>
     <span class='ocr_line' id='line_1_13' title="bbox 390 1939 1591 2025; baseline 0.001 -20"><span class='ocrx_word' id='word_1_95' title='bbox 390 1940 564 2022; x_wconf 89' lang='lat' dir='ltr'>bationem,</span> <span class='ocrx_word' id='word_1_96' title='bbox 598 1945 767 2024; x_wconf 85' lang='lat' dir='ltr'>antequam</span> <span class='ocrx_word' id='word_1_97' title='bbox 803 1960 882 2025; x_wconf 86' lang='lat' dir='ltr'>opus</span> <span class='ocrx_word' id='word_1_98' title='bbox 916 1940 1003 2024; x_wconf 88' lang='lat' dir='ltr'>prelo</span> <span class='ocrx_word' id='word_1_99' title='bbox 1031 1940 1249 2021; x_wconf 88' lang='lat' dir='ltr'>subiioeretur,</span> <span class='ocrx_word' id='word_1_100' title='bbox 1284 1947 1316 2005; x_wconf 93' lang='lat' dir='ltr'>et</span> <span class='ocrx_word' id='word_1_101' title='bbox 1349 1939 1522 2006; x_wconf 86' lang='lat' dir='ltr'>admonitio</span> <span class='ocrx_word' id='word_1_102' title='bbox 1551 1940 1591 2006; x_wconf 84' lang='lat' dir='ltr'>de</span> 
     </span>
     <span class='ocr_line' id='line_1_14' title="bbox 389 2055 1435 2120; baseline 0.001 -2"><span class='ocrx_word' id='word_1_103' title='bbox 389 2055 519 2120; x_wconf 84' lang='lat' dir='ltr'>Erratis.</span> <span class='ocrx_word' id='word_1_104' title='bbox 1432 2103 1435 2110; x_wconf 85' lang='lat'>.</span> 
     </span>
    </p>

    <p class='ocr_par' dir='ltr' id='par_1_4' title="bbox 317 2168 1596 2937">
     <span class='ocr_line' id='line_1_15' title="bbox 470 2168 1593 2254; baseline 0 -20"><span class='ocrx_word' id='word_1_105' title='bbox 470 2170 610 2253; x_wconf 87' lang='lat' dir='ltr'>Paginue</span> <span class='ocrx_word' id='word_1_106' title='bbox 630 2168 946 2252; x_wconf 82' lang='lat' dir='ltr'>Coneoidantiamm,</span> <span class='ocrx_word' id='word_1_107' title='bbox 966 2189 1048 2252; x_wconf 91' lang='lat' dir='ltr'>quae</span> <span class='ocrx_word' id='word_1_108' title='bbox 1070 2189 1090 2234; x_wconf 94' lang='lat' dir='ltr'>a</span> <span class='ocrx_word' id='word_1_109' title='bbox 1109 2169 1239 2254; x_wconf 88' lang='lat' dir='ltr'>plagula</span> <span class='ocrx_word' id='word_1_110' title='bbox 1260 2169 1304 2251; x_wconf 85' lang='lat' dir='ltr'>A,</span> <span class='ocrx_word' id='word_1_111' title='bbox 1333 2188 1406 2253; x_wconf 89' lang='lat' dir='ltr'>pag.</span> <span class='ocrx_word' id='word_1_112' title='bbox 1430 2172 1440 2230; x_wconf 90' lang='grc'>1</span> <span class='ocrx_word' id='word_1_113' title='bbox 1468 2169 1593 2235; x_wconf 91' lang='lat' dir='ltr'>ordiun-</span> 
     </span>
     <span class='ocr_line' id='line_1_16' title="bbox 391 2283 1594 2368; baseline 0 -20"><span class='ocrx_word' id='word_1_114' title='bbox 391 2291 449 2367; x_wconf 91' lang='lat' dir='ltr'>tur,</span> <span class='ocrx_word' id='word_1_115' title='bbox 470 2291 502 2350; x_wconf 91' lang='lat' dir='ltr'>et</span> <span class='ocrx_word' id='word_1_116' title='bbox 525 2285 558 2349; x_wconf 92' lang='lat' dir='ltr'>in</span> <span class='ocrx_word' id='word_1_117' title='bbox 581 2284 640 2349; x_wconf 91' lang='lat' dir='ltr'>hoo</span> <span class='ocrx_word' id='word_1_118' title='bbox 658 2286 758 2349; x_wconf 84' lang='lat' dir='ltr'>Tomo</span> <span class='ocrx_word' id='word_1_119' title='bbox 779 2287 804 2350; x_wconf 94' lang='grc' dir='ltr'>Ι.</span> <span class='ocrx_word' id='word_1_120' title='bbox 825 2305 919 2350; x_wconf 81' lang='lat' dir='ltr'>voees</span> <span class='ocrx_word' id='word_1_121' title='bbox 939 2304 1071 2368; x_wconf 80' lang='lat' dir='ltr'>graecas</span> <span class='ocrx_word' id='word_1_122' title='bbox 1091 2305 1111 2349; x_wconf 90' lang='lat' dir='ltr'>a</span> <span class='ocrx_word' id='word_1_123' title='bbox 1131 2285 1243 2350; x_wconf 87' lang='lat' dir='ltr'>litteris</span> <span class='ocrx_word' id='word_1_124' title='bbox 1258 2287 1293 2346; x_wconf 89' lang='lat' dir='ltr'><em>A</em></span> <span class='ocrx_word' id='word_1_125' title='bbox 1302 2285 1386 2344; x_wconf 90' lang='grc' dir='ltr'>-Λ</span> <span class='ocrx_word' id='word_1_126' title='bbox 1406 2283 1594 2368; x_wconf 81' lang='lat' dir='ltr'>incipientes</span> 
     </span>
     <span class='ocr_line' id='line_1_17' title="bbox 390 2398 1594 2484; baseline -0.001 -20"><span class='ocrx_word' id='word_1_127' title='bbox 390 2399 549 2480; x_wconf 84' lang='lat' dir='ltr'>exhibent,</span> <span class='ocrx_word' id='word_1_128' title='bbox 570 2400 654 2464; x_wconf 88' lang='lat' dir='ltr'>linea</span> <span class='ocrx_word' id='word_1_129' title='bbox 667 2399 773 2465; x_wconf 88' lang='lat' dir='ltr'>media</span> <span class='ocrx_word' id='word_1_130' title='bbox 786 2399 1041 2484; x_wconf 74' lang='lat' dir='ltr'>perpendiculari</span> <span class='ocrx_word' id='word_1_131' title='bbox 1054 2400 1177 2464; x_wconf 87' lang='lat' dir='ltr'>divisae</span> <span class='ocrx_word' id='word_1_132' title='bbox 1192 2405 1264 2464; x_wconf 90' lang='lat' dir='ltr'>sunt</span> <span class='ocrx_word' id='word_1_133' title='bbox 1282 2400 1316 2463; x_wconf 92' lang='lat' dir='ltr'>in</span> <span class='ocrx_word' id='word_1_134' title='bbox 1331 2398 1411 2464; x_wconf 88' lang='lat' dir='ltr'>duas</span> <span class='ocrx_word' id='word_1_135' title='bbox 1424 2399 1594 2480; x_wconf 80' lang='lat' dir='ltr'>columnas,</span> 
     </span>
     <span class='ocr_line' id='line_1_18' title="bbox 391 2513 1596 2598; baseline 0 -21"><span class='ocrx_word' id='word_1_136' title='bbox 391 2533 525 2596; x_wconf 91' lang='lat' dir='ltr'>quarum</span> <span class='ocrx_word' id='word_1_137' title='bbox 553 2533 696 2597; x_wconf 87' lang='lat' dir='ltr'>quaeque</span> <span class='ocrx_word' id='word_1_138' title='bbox 718 2514 872 2598; x_wconf 86' lang='lat' dir='ltr'>inscripta</span> <span class='ocrx_word' id='word_1_139' title='bbox 893 2519 942 2578; x_wconf 90' lang='lat' dir='ltr'>est</span> <span class='ocrx_word' id='word_1_140' title='bbox 963 2513 1060 2578; x_wconf 92' lang='lat' dir='ltr'>temis</span> <span class='ocrx_word' id='word_1_141' title='bbox 1089 2513 1200 2578; x_wconf 89' lang='lat' dir='ltr'>litteris</span> <span class='ocrx_word' id='word_1_142' title='bbox 1218 2513 1395 2578; x_wconf 89' lang='lat' dir='ltr'>initialibus</span> <span class='ocrx_word' id='word_1_143' title='bbox 1417 2533 1523 2579; x_wconf 90' lang='lat' dir='ltr'>earum</span> <span class='ocrx_word' id='word_1_144' title='bbox 1543 2535 1596 2578; x_wconf 85' lang='lat' dir='ltr'>vo-</span> 
     </span>
     <span class='ocr_line' id='line_1_19' title="bbox 317 2627 1595 2712; baseline 0 -22"><span class='ocrx_word' id='word_1_145' title='bbox 317 2683 338 2691; x_wconf 89' lang='lat'>..</span> <span class='ocrx_word' id='word_1_146' title='bbox 391 2648 471 2704; x_wconf 86' lang='lat' dir='ltr'>oum,</span> <span class='ocrx_word' id='word_1_147' title='bbox 491 2647 572 2711; x_wconf 89' lang='lat' dir='ltr'>qnae</span> <span class='ocrx_word' id='word_1_148' title='bbox 592 2629 625 2692; x_wconf 93' lang='lat' dir='ltr'>in</span> <span class='ocrx_word' id='word_1_149' title='bbox 645 2628 706 2694; x_wconf 88' lang='lat' dir='ltr'>lrao</span> <span class='ocrx_word' id='word_1_150' title='bbox 728 2629 872 2693; x_wconf 92' lang='lat' dir='ltr'>oolumna</span> <span class='ocrx_word' id='word_1_151' title='bbox 894 2628 1073 2708; x_wconf 89' lang='lat' dir='ltr'>afferuntur,</span> <span class='ocrx_word' id='word_1_152' title='bbox 1096 2647 1122 2692; x_wconf 94' lang='lat' dir='ltr'>e.</span> <span class='ocrx_word' id='word_1_153' title='bbox 1140 2649 1166 2692; x_wconf 90' lang='lat' dir='ltr'>o.</span> <span class='ocrx_word' id='word_1_154' title='bbox 1181 2628 1303 2711; x_wconf 92' lang='lat' dir='ltr'>primae</span> <span class='ocrx_word' id='word_1_155' title='bbox 1317 2628 1456 2712; x_wconf 90' lang='lat' dir='ltr'>paginae</span> <span class='ocrx_word' id='word_1_156' title='bbox 1468 2627 1595 2692; x_wconf 87' lang='lat' dir='ltr'>sinistra</span> 
     </span>
     <span class='ocr_line' id='line_1_20' title="bbox 392 2739 1595 2838; baseline -0.005 -32"><span class='ocrx_word' id='word_1_157' title='bbox 392 2743 551 2807; x_wconf 82' lang='lat' dir='ltr'>columna:</span> <span class='ocrx_word' id='word_1_158' title='bbox 576 2743 685 2804; x_wconf 81' lang='grc' dir='ltr'><em>ΑΒΑ.</em></span> <span class='ocrx_word' id='word_1_159' title='bbox 709 2741 809 2803; x_wconf 87' lang='grc' dir='ltr'><em>ΑΒΕ.</em></span> <span class='ocrx_word' id='word_1_160' title='bbox 833 2743 923 2803; x_wconf 87' lang='grc' dir='ltr'><em>ΑΒῙ.</em></span> <span class='ocrx_word' id='word_1_161' title='bbox 955 2743 1104 2824; x_wconf 90' lang='lat' dir='ltr'>qnoniam</span> <span class='ocrx_word' id='word_1_162' title='bbox 1125 2743 1263 2806; x_wconf 87' lang='lat' dir='ltr'>eontinet</span> <span class='ocrx_word' id='word_1_163' title='bbox 1283 2762 1377 2807; x_wconf 86' lang='lat' dir='ltr'>voees</span> <span class='ocrx_word' id='word_1_164' title='bbox 1398 2739 1595 2838; x_wconf 56' lang='lat' dir='ltr'>gelidum&amp;</span> 
     </span>
     <span class='ocr_line' id='line_1_21' title="bbox 392 2850 1198 2937; baseline -0.001 -20"><span class='ocrx_word' id='word_1_165' title='bbox 392 2859 510 2930; x_wconf 72' lang='grc' dir='ltr'><em>λευτος,</em></span> <span class='ocrx_word' id='word_1_166' title='bbox 529 2850 676 2934; x_wconf 64' lang='lat' dir='ltr'>lauare,</span> <span class='ocrx_word' id='word_1_167' title='bbox 701 2850 844 2934; x_wconf 76' lang='grc' dir='ltr'><em>ἀβατόω,</em></span> <span class='ocrx_word' id='word_1_168' title='bbox 864 2851 1077 2937; x_wconf 75' lang='grc' dir='ltr'>Ἆβεβαιότης,</span> <span class='ocrx_word' id='word_1_169' title='bbox 1100 2853 1198 2934; x_wconf 72' lang='grc' dir='ltr'><em>Ἀβίβ.</em></span> 
     </span>
    </p>

    <p class='ocr_par' dir='ltr' id='par_1_5' title="bbox 343 2969 1601 4320">
     <span class='ocr_line' id='line_1_22' title="bbox 472 2969 1595 3052; baseline -0.001 -18"><span class='ocrx_word' id='word_1_170' title='bbox 472 2971 589 3034; x_wconf 86' lang='lat' dir='ltr'>Tomus</span> <span class='ocrx_word' id='word_1_171' title='bbox 603 2971 654 3049; x_wconf 87' lang='lat' dir='ltr'>IL,</span> <span class='ocrx_word' id='word_1_172' title='bbox 677 2970 766 3034; x_wconf 88' lang='lat' dir='ltr'>ouius</span> <span class='ocrx_word' id='word_1_173' title='bbox 788 2970 910 3052; x_wconf 91' lang='lat' dir='ltr'>plenior</span> <span class='ocrx_word' id='word_1_174' title='bbox 930 2969 1038 3035; x_wconf 89' lang='lat' dir='ltr'>titulus</span> <span class='ocrx_word' id='word_1_175' title='bbox 1062 2970 1128 3034; x_wconf 91' lang='lat' dir='ltr'>solo</span> <span class='ocrx_word' id='word_1_176' title='bbox 1147 2970 1238 3034; x_wconf 83' lang='lat' dir='ltr'>Tomi</span> <span class='ocrx_word' id='word_1_177' title='bbox 1256 2990 1395 3052; x_wconf 90' lang='lat' dir='ltr'>numero,</span> <span class='ocrx_word' id='word_1_178' title='bbox 1417 2976 1449 3034; x_wconf 90' lang='lat' dir='ltr'>et</span> <span class='ocrx_word' id='word_1_179' title='bbox 1470 2969 1595 3034; x_wconf 90' lang='lat' dir='ltr'>brevior</span> 
     </span>
     <span class='ocr_line' id='line_1_23' title="bbox 392 3082 1596 3166; baseline -0.002 -17"><span class='ocrx_word' id='word_1_180' title='bbox 392 3090 514 3149; x_wconf 85' lang='lat' dir='ltr'>tantum</span> <span class='ocrx_word' id='word_1_181' title='bbox 541 3083 659 3150; x_wconf 92' lang='lat' dir='ltr'>indioio</span> <span class='ocrx_word' id='word_1_182' title='bbox 687 3084 860 3149; x_wconf 88' lang='lat' dir='ltr'>litteramm</span> <span class='ocrx_word' id='word_1_183' title='bbox 890 3085 974 3145; x_wconf 85' lang='lat' dir='ltr'>M-</span> <span class='ocrx_word' id='word_1_184' title='bbox 984 3082 1022 3158; x_wconf 88' lang='grc' dir='ltr'>Ω,</span> <span class='ocrx_word' id='word_1_185' title='bbox 1054 3083 1205 3165; x_wconf 88' lang='lat' dir='ltr'>aquibus</span> <span class='ocrx_word' id='word_1_186' title='bbox 1228 3103 1322 3149; x_wconf 89' lang='lat' dir='ltr'>voees</span> <span class='ocrx_word' id='word_1_187' title='bbox 1349 3104 1483 3166; x_wconf 79' lang='lat' dir='ltr'>graecae</span> <span class='ocrx_word' id='word_1_188' title='bbox 1503 3083 1596 3148; x_wconf 92' lang='lat' dir='ltr'>huius</span> 
     </span>
     <span class='ocr_line' id='line_1_24' title="bbox 363 3197 1595 3281; baseline -0.002 -17"><span class='ocrx_word' id='word_1_189' title='bbox 363 3275 365 3280; x_wconf 23' lang='lat'><strong>¹</strong></span> <span class='ocrx_word' id='word_1_190' title='bbox 392 3199 483 3264; x_wconf 84' lang='lat' dir='ltr'>Tomi</span> <span class='ocrx_word' id='word_1_191' title='bbox 505 3197 676 3281; x_wconf 90' lang='lat' dir='ltr'>ordiuntur,</span> <span class='ocrx_word' id='word_1_192' title='bbox 697 3198 738 3262; x_wconf 93' lang='lat' dir='ltr'>ab</span> <span class='ocrx_word' id='word_1_193' title='bbox 759 3203 889 3280; x_wconf 88' lang='lat' dir='ltr'>utroque</span> <span class='ocrx_word' id='word_1_194' title='bbox 910 3197 1000 3262; x_wconf 91' lang='lat' dir='ltr'>titulo</span> <span class='ocrx_word' id='word_1_195' title='bbox 1014 3197 1105 3262; x_wconf 87' lang='lat' dir='ltr'>Tomi</span> <span class='ocrx_word' id='word_1_196' title='bbox 1125 3199 1148 3261; x_wconf 88' lang='lat'>1.</span> <span class='ocrx_word' id='word_1_197' title='bbox 1172 3197 1327 3279; x_wconf 87' lang='lat' dir='ltr'>differunt,</span> <span class='ocrx_word' id='word_1_198' title='bbox 1351 3198 1489 3262; x_wconf 86' lang='lat' dir='ltr'>eontinet</span> <span class='ocrx_word' id='word_1_199' title='bbox 1507 3216 1595 3281; x_wconf 89' lang='lat' dir='ltr'>prae-</span> 
     </span>
     <span class='ocr_line' id='line_1_25' title="bbox 393 3300 1597 3400; baseline -0.005 -19"><span class='ocrx_word' id='word_1_200' title='bbox 393 3324 440 3381; x_wconf 93' lang='lat' dir='ltr'>ter</span> <span class='ocrx_word' id='word_1_201' title='bbox 466 3317 600 3400; x_wconf 89' lang='lat' dir='ltr'>primam</span> <span class='ocrx_word' id='word_1_202' title='bbox 624 3300 801 3399; x_wconf 86' lang='lat' dir='ltr'>plagulam,</span> <span class='ocrx_word' id='word_1_203' title='bbox 827 3314 860 3376; x_wconf 94' lang='lat' dir='ltr'>in</span> <span class='ocrx_word' id='word_1_204' title='bbox 888 3333 951 3395; x_wconf 90' lang='lat' dir='ltr'>qna</span> <span class='ocrx_word' id='word_1_205' title='bbox 977 3313 1038 3378; x_wconf 92' lang='lat' dir='ltr'>dno</span> <span class='ocrx_word' id='word_1_206' title='bbox 1060 3313 1143 3377; x_wconf 90' lang='lat' dir='ltr'>tituli</span> <span class='ocrx_word' id='word_1_207' title='bbox 1165 3313 1326 3396; x_wconf 90' lang='lat' dir='ltr'>leguntur,</span> <span class='ocrx_word' id='word_1_208' title='bbox 1361 3314 1420 3374; x_wconf 77' lang='lat'>240</span> <span class='ocrx_word' id='word_1_209' title='bbox 1441 3311 1597 3396; x_wconf 89' lang='lat' dir='ltr'>plagulas,</span> 
     </span>
     <span class='ocr_line' id='line_1_26' title="bbox 393 3425 1597 3514; baseline -0.005 -19"><span class='ocrx_word' id='word_1_210' title='bbox 393 3451 524 3514; x_wconf 88' lang='lat' dir='ltr'>quarum</span> <span class='ocrx_word' id='word_1_211' title='bbox 545 3430 665 3514; x_wconf 89' lang='lat' dir='ltr'>priores</span> <span class='ocrx_word' id='word_1_212' title='bbox 690 3431 744 3492; x_wconf 81' lang='lat'>179</span> <span class='ocrx_word' id='word_1_213' title='bbox 764 3429 877 3494; x_wconf 89' lang='lat' dir='ltr'>litteris</span> <span class='ocrx_word' id='word_1_214' title='bbox 897 3429 1018 3509; x_wconf 83' lang='lat' dir='ltr'>A—Z,</span> <span class='ocrx_word' id='word_1_215' title='bbox 1046 3429 1206 3509; x_wconf 87' lang='lat' dir='ltr'>Aa-Zz,</span> <span class='ocrx_word' id='word_1_216' title='bbox 1232 3427 1431 3508; x_wconf 79' lang='lat' dir='ltr'>Aua-Zaz,</span> <span class='ocrx_word' id='word_1_217' title='bbox 1459 3425 1597 3490; x_wconf 83' lang='lat' dir='ltr'>Aaaa-</span> 
     </span>
     <span class='ocr_line' id='line_1_27' title="bbox 392 3540 1597 3626; baseline -0.004 -17"><span class='ocrx_word' id='word_1_218' title='bbox 392 3547 489 3610; x_wconf 81' lang='lat' dir='ltr'>Xxxx</span> <span class='ocrx_word' id='word_1_219' title='bbox 511 3543 695 3626; x_wconf 80' lang='lat' dir='ltr'>(exquibus</span> <span class='ocrx_word' id='word_1_220' title='bbox 717 3543 828 3607; x_wconf 91' lang='lat' dir='ltr'>ultima</span> <span class='ocrx_word' id='word_1_221' title='bbox 848 3563 958 3626; x_wconf 88' lang='lat' dir='ltr'>unam,</span> <span class='ocrx_word' id='word_1_222' title='bbox 980 3547 1103 3608; x_wconf 88' lang='lat' dir='ltr'>oeterae</span> <span class='ocrx_word' id='word_1_223' title='bbox 1124 3543 1217 3607; x_wconf 88' lang='lat' dir='ltr'>binas</span> <span class='ocrx_word' id='word_1_224' title='bbox 1235 3542 1353 3626; x_wconf 75' lang='lat' dir='ltr'>plagg,</span> <span class='ocrx_word' id='word_1_225' title='bbox 1381 3547 1398 3602; x_wconf 80' lang='lat'>4</span> <span class='ocrx_word' id='word_1_226' title='bbox 1419 3540 1496 3606; x_wconf 82' lang='lat' dir='ltr'>lolia</span> <span class='ocrx_word' id='word_1_227' title='bbox 1516 3561 1597 3606; x_wconf 89' lang='lat' dir='ltr'>oom-</span> 
     </span>
     <span class='ocr_line' id='line_1_28' title="bbox 393 3657 1598 3745; baseline -0.005 -21"><span class='ocrx_word' id='word_1_228' title='bbox 393 3660 582 3745; x_wconf 85' lang='lat' dir='ltr'>pleotuntur)</span> <span class='ocrx_word' id='word_1_229' title='bbox 606 3659 765 3740; x_wconf 79' lang='lat' dir='ltr'>signatae,</span> <span class='ocrx_word' id='word_1_230' title='bbox 794 3677 867 3741; x_wconf 89' lang='lat' dir='ltr'>pag.</span> <span class='ocrx_word' id='word_1_231' title='bbox 895 3661 1029 3721; x_wconf 82' lang='grc'><strong>1-716.</strong></span> <span class='ocrx_word' id='word_1_232' title='bbox 1058 3657 1228 3741; x_wconf 88' lang='lat' dir='ltr'>bipartitae</span> <span class='ocrx_word' id='word_1_233' title='bbox 1253 3657 1385 3721; x_wconf 91' lang='lat' dir='ltr'>alteram</span> <span class='ocrx_word' id='word_1_234' title='bbox 1412 3675 1598 3738; x_wconf 80' lang='lat' dir='ltr'>graecarum</span> 
     </span>
     <span class='ocr_line' id='line_1_29' title="bbox 343 3768 1597 3855; baseline -0.002 -19"><span class='ocrx_word' id='word_1_235' title='bbox 343 3825 348 3836; x_wconf 96' lang='lat'>.</span> <span class='ocrx_word' id='word_1_236' title='bbox 393 3773 692 3840; x_wconf 81' lang='lat' dir='ltr'>Conoordantiamm</span> <span class='ocrx_word' id='word_1_237' title='bbox 710 3777 841 3855; x_wconf 89' lang='lat' dir='ltr'>partem,</span> <span class='ocrx_word' id='word_1_238' title='bbox 863 3770 1011 3836; x_wconf 86' lang='lat' dir='ltr'>videlieet</span> <span class='ocrx_word' id='word_1_239' title='bbox 1025 3791 1118 3836; x_wconf 86' lang='lat' dir='ltr'>voees</span> <span class='ocrx_word' id='word_1_240' title='bbox 1139 3771 1285 3835; x_wconf 91' lang='lat' dir='ltr'>alitteris</span> <span class='ocrx_word' id='word_1_241' title='bbox 1299 3772 1342 3832; x_wconf 85' lang='lat' dir='ltr'><em>M</em></span> <span class='ocrx_word' id='word_1_242' title='bbox 1345 3768 1425 3830; x_wconf 86' lang='grc' dir='ltr'>-Ω</span> <span class='ocrx_word' id='word_1_243' title='bbox 1445 3769 1597 3854; x_wconf 83' lang='lat' dir='ltr'>incipien-</span> 
     </span>
     <span class='ocr_line' id='line_1_30' title="bbox 393 3885 1600 3973; baseline -0.006 -19"><span class='ocrx_word' id='word_1_244' title='bbox 393 3897 441 3956; x_wconf 89' lang='lat' dir='ltr'>tes</span> <span class='ocrx_word' id='word_1_245' title='bbox 456 3885 731 3973; x_wconf 89' lang='lat' dir='ltr'>oomprehendunt.</span> <span class='ocrx_word' id='word_1_246' title='bbox 772 3885 1004 3970; x_wconf 82' lang='lat' dir='ltr'>Subsequentes</span> <span class='ocrx_word' id='word_1_247' title='bbox 1018 3888 1074 3964; x_wconf 63' lang='lat'><strong>333-</strong></span> <span class='ocrx_word' id='word_1_248' title='bbox 1096 3885 1245 3970; x_wconf 82' lang='lat' dir='ltr'>plagulae</span> <span class='ocrx_word' id='word_1_249' title='bbox 1264 3885 1377 3950; x_wconf 87' lang='lat' dir='ltr'>litteris</span> <span class='ocrx_word' id='word_1_250' title='bbox 1389 3905 1409 3948; x_wconf 87' lang='lat' dir='ltr'>a</span> <span class='ocrx_word' id='word_1_251' title='bbox 1421 3923 1450 3929; x_wconf 90' lang='lat'><em>—</em></span> <span class='ocrx_word' id='word_1_252' title='bbox 1462 3905 1488 3965; x_wconf 82' lang='lat' dir='ltr'>z,</span> <span class='ocrx_word' id='word_1_253' title='bbox 1511 3904 1600 3948; x_wconf 89' lang='lat' dir='ltr'>aa-</span> 
     </span>
     <span class='ocr_line' id='line_1_31' title="bbox 393 3991 1600 4086; baseline -0.003 -17"><span class='ocrx_word' id='word_1_254' title='bbox 393 4005 440 4068; x_wconf 90' lang='lat' dir='ltr'>kk</span> <span class='ocrx_word' id='word_1_255' title='bbox 468 4006 611 4086; x_wconf 91' lang='lat' dir='ltr'>(quarum</span> <span class='ocrx_word' id='word_1_256' title='bbox 643 4003 752 4067; x_wconf 88' lang='lat' dir='ltr'>ultima</span> <span class='ocrx_word' id='word_1_257' title='bbox 770 3991 953 4082; x_wconf 89' lang='lat' dir='ltr'>dimidiam,</span> <span class='ocrx_word' id='word_1_258' title='bbox 982 4020 1010 4064; x_wconf 86' lang='lat' dir='ltr'>a.</span> <span class='ocrx_word' id='word_1_259' title='bbox 1028 4000 1106 4064; x_wconf 90' lang='lat' dir='ltr'>duas</span> <span class='ocrx_word' id='word_1_260' title='bbox 1129 4000 1291 4084; x_wconf 88' lang='lat' dir='ltr'>plagulas,</span> <span class='ocrx_word' id='word_1_261' title='bbox 1312 4004 1435 4065; x_wconf 84' lang='lat' dir='ltr'>ceterae</span> <span class='ocrx_word' id='word_1_262' title='bbox 1458 3999 1600 4083; x_wconf 86' lang='lat' dir='ltr'>singulas</span> 
     </span>
     <span class='ocr_line' id='line_1_32' title="bbox 394 4113 1601 4206; baseline -0.006 -21"><span class='ocrx_word' id='word_1_263' title='bbox 394 4121 501 4205; x_wconf 88' lang='lat' dir='ltr'>plagg.</span> <span class='ocrx_word' id='word_1_264' title='bbox 521 4119 778 4203; x_wconf 79' lang='lat' dir='ltr'>complectuntur)</span> <span class='ocrx_word' id='word_1_265' title='bbox 807 4116 968 4198; x_wconf 89' lang='lat' dir='ltr'>signatae,</span> <span class='ocrx_word' id='word_1_266' title='bbox 995 4134 1126 4206; x_wconf 81' lang='lat' dir='ltr'>quarum</span> <span class='ocrx_word' id='word_1_267' title='bbox 1154 4114 1231 4178; x_wconf 88' lang='lat' dir='ltr'>t&#39;olia</span> <span class='ocrx_word' id='word_1_268' title='bbox 1251 4113 1431 4178; x_wconf 87' lang='lat' dir='ltr'>a3—kkl</span> <span class='ocrx_word' id='word_1_269' title='bbox 1455 4132 1601 4178; x_wconf 91' lang='lat' dir='ltr'>numeros</span> 
     </span>
     <span class='ocr_line' id='line_1_33' title="bbox 395 4229 1499 4320; baseline -0.01 -19"><span class='ocrx_word' id='word_1_270' title='bbox 395 4237 570 4320; x_wconf 85' lang='lat' dir='ltr'>superiores</span> <span class='ocrx_word' id='word_1_271' title='bbox 590 4236 721 4297; x_wconf 74' lang='lat'>5-134</span> <span class='ocrx_word' id='word_1_272' title='bbox 742 4232 873 4311; x_wconf 91' lang='lat' dir='ltr'>babent,</span> <span class='ocrx_word' id='word_1_273' title='bbox 899 4232 1051 4316; x_wconf 88' lang='lat' dir='ltr'>praebent</span> <span class='ocrx_word' id='word_1_274' title='bbox 1072 4230 1212 4296; x_wconf 89' lang='lat' dir='ltr'>Indioem</span> <span class='ocrx_word' id='word_1_275' title='bbox 1233 4231 1278 4295; x_wconf 90' lang='lat' dir='ltr'>sio</span> <span class='ocrx_word' id='word_1_276' title='bbox 1298 4229 1499 4312; x_wconf 81' lang='lat' dir='ltr'>inscriptum:</span> 
     </span>
    </p>

    <p class='ocr_par' dir='ltr' id='par_1_6' title="bbox 514 4343 1601 4546">
     <span class='ocr_line' id='line_1_34' title="bbox 514 4343 1601 4432; baseline -0.006 -17"><span class='ocrx_word' id='word_1_277' title='bbox 514 4351 613 4416; x_wconf 83' lang='lat' dir='ltr'>Index</span> <span class='ocrx_word' id='word_1_278' title='bbox 633 4354 636 4432; x_wconf 76' lang='lat' dir='ltr'>l</span> <span class='ocrx_word' id='word_1_279' title='bbox 655 4350 816 4416; x_wconf 86' lang='lat' dir='ltr'>Hebraeus</span> <span class='ocrx_word' id='word_1_280' title='bbox 835 4349 839 4430; x_wconf 88' lang='grc' dir='ltr'>Ι</span> <span class='ocrx_word' id='word_1_281' title='bbox 858 4354 889 4414; x_wconf 89' lang='lat' dir='ltr'>et</span> <span class='ocrx_word' id='word_1_282' title='bbox 907 4359 911 4430; x_wconf 78' lang='grc' dir='ltr'>Ι</span> <span class='ocrx_word' id='word_1_283' title='bbox 930 4346 1118 4428; x_wconf 82' lang='lat' dir='ltr'>Chaldaeus,</span> <span class='ocrx_word' id='word_1_284' title='bbox 1136 4348 1140 4427; x_wconf 78' lang='lat' dir='ltr'>l</span> <span class='ocrx_word' id='word_1_285' title='bbox 1159 4347 1227 4425; x_wconf 78' lang='lat' dir='ltr'>Quo</span> <span class='ocrx_word' id='word_1_286' title='bbox 1245 4351 1445 4411; x_wconf 86' lang='lat' dir='ltr'>reoensentur</span> <span class='ocrx_word' id='word_1_287' title='bbox 1462 4350 1466 4424; x_wconf 84' lang='grc' dir='ltr'>Ι</span> <span class='ocrx_word' id='word_1_288' title='bbox 1484 4343 1601 4410; x_wconf 90' lang='lat' dir='ltr'>Omnes</span> 
     </span>
     <span class='ocr_line' id='line_1_35' title="bbox 595 4457 1601 4546; baseline -0.01 -14"><span class='ocrx_word' id='word_1_289' title='bbox 595 4467 721 4533; x_wconf 87' lang='lat' dir='ltr'>onrninb</span> <span class='ocrx_word' id='word_1_290' title='bbox 746 4483 840 4531; x_wconf 85' lang='lat' dir='ltr'>voees</span> <span class='ocrx_word' id='word_1_291' title='bbox 858 4467 862 4546; x_wconf 79' lang='lat' dir='ltr'>l</span> <span class='ocrx_word' id='word_1_292' title='bbox 881 4470 946 4529; x_wconf 83' lang='lat' dir='ltr'>tum</span> <span class='ocrx_word' id='word_1_293' title='bbox 967 4463 1132 4529; x_wconf 87' lang='lat' dir='ltr'>Hebraeae</span> <span class='ocrx_word' id='word_1_294' title='bbox 1154 4466 1219 4528; x_wconf 79' lang='lat' dir='ltr'>turn</span> <span class='ocrx_word' id='word_1_295' title='bbox 1241 4461 1421 4528; x_wconf 85' lang='lat' dir='ltr'>Chaldaeae</span> <span class='ocrx_word' id='word_1_296' title='bbox 1439 4459 1444 4541; x_wconf 81' lang='lat' dir='ltr'>l</span> <span class='ocrx_word' id='word_1_297' title='bbox 1462 4477 1544 4543; x_wconf 90' lang='lat' dir='ltr'>quae</span> <span class='ocrx_word' id='word_1_298' title='bbox 1567 4457 1601 4522; x_wconf 90' lang='lat' dir='ltr'>in</span> 
     </span>
    </p>
   </div>
   <div class='ocr_carea' id='block_1_3' title="bbox 0 0 1882 5726">
    <p class='ocr_par' dir='ltr' id='par_1_7' title="bbox 0 0 1882 5726">
     <span class='ocr_line' id='line_1_36' title="bbox 0 0 1882 5726; baseline 0 0"><span class='ocrx_word' id='word_1_299' title='bbox 0 0 1882 5726; x_wconf 95' lang='lat' dir='ltr'> </span> 
     </span>
    </p>
   </div>
  </div>
 </body>
</html>
