3738 5720
679 521 960 605 rnonnsonrans.
1098 531 1115 620 J
1290 522 1427 603 ‘xm

227 696 341 761 indicis
369 715 431 759 non
455 695 582 777 quidem
612 716 669 779 per
695 716 729 760 se
758 697 878 780 ipsum,
906 697 1024 780 quippe
1047 698 1113 780 qui.
1129 698 1257 762 maioris
1278 699 1427 762 momenti

226 799 367 892 negotiis
382 810 572 893 implicatior
593 816 671 889 erat,
692 810 748 874 sed
769 829 826 893 per
845 830 1053 876 amanuenses
1074 830 1146 876 suos
1167 789 1293 895 primus·
1308 818 1340 876 et
1361 831 1425 877 cer-

73 923 76 930 '
112 1013 115 1022 ‚
225 929 275 987 tus
298 930 346 987 est
367 931 483 987 auctor.
505 923 616 1001 ¹Quod
638 943 717 1006 opus
738 943 858 988 summo
886 923 1009 987 illomm
1034 923 1141 988 labore
1161 924 1335 990 conlectum
1356 944 1426 988 cum

226 1036 401 1120 accepisset
431 1038 565 1101 Ioannes
600 1037 640 1101 de
668 1037 805 1102 Secubia
832 1037 941 1102 ordine
969 1037 1168 1120 alphabetico
1190 1038 1367 1120 distribuit,
1396 1043 1427 1103 et

225 1151 365 1234 prologo,
386 1151 474 1215 cuius
492 1157 614 1234 partem
633 1150 770 1215 mediam
787 1150 880 1216 modo
897 1150 998 1230 attuli,
1013 1150 1199 1234 praefixoin
1211 1151 1313 1216 lucem
1330 1145 1426 1216 dedit.

227 1265 350 1329 Primus
377 1266 463 1348 typis
492 1265 647 1328 commisit
664 1243 875 1347 'Sebastianus
903 1265 1002 1328 Brant
1032 1265 1208 1330 Germanus
1234 1283 1317 1330 anno
1341 1267 1426 1329 1496.

228 1377 385 1442 Frobenio
402 1377 601 1462 typographo
622 1397 706 1442 usus.
747 1379 815 1442 Hoc
835 1398 914 1461 opus
935 1379 1120 1461 inscriptum
1140 1383 1205 1470 est:
1229 1378 1426 1442 Concordem-

228 1494 290 1554 tube
307 1494 449 1576 porteion
470 1494 534 1554 as‘oe
552 1493 725 1568 de‘ctabnam
748 1491 1022 1556 indeclinabilium
1044 1493 1140 1555 totius
1162 1492 1299 1556 Bv'blc'ue.

307 1606 355 1669 Ex
372 1605 433 1668 hac
447 1605 747 1671 concordantiamm
767 1607 900 1672 historia
919 1606 1088 1689 hucusque,
1101 1605 1236 1684 Quetifio
1255 1606 1343 1687 duce,
1358 1627 1426 1690 pro-

228 1719 332 1802 posita
353 1720 469 1784 elucet:

275 1834 512 1915 l.Hug0nem
534 1833 579 1898 de
600 1839 743 1898 sancto
765 1833 893 1898 Charo
916 1833 1050 1916 primum
1076 1851 1131 1897 eas
1155 1852 1340 1916 aggressum
1360 1851 1429 1897 esse

348 1953 379 2010 et
399 1967 459 2030 ope
480 1967 605 2012 suorum
626 1947 781 2011 sodalium
802 1946 971 2031 perfecisse
992 1946 1069 2010 locis
1090 1952 1211 2010 tantum
1233 1946 1395 2028 indicata

269 2062 503 2125 2.Ioannem
523 2061 570 2126 de
592 2061 852 2143 Derlington,
874 2059 1084 2125 Ricardum
1106 2059 1153 2125 de
1175 2059 1429 2143 Stavenesby

350 2175 490 2256 aliosque
503 2176 621 2258 Anglos
632 2174 757 2239 sodales
772 2195 827 2239 eas
840 2175 967 2239 auxisse
981 2173 1023 2238 ad
1035 2174 1121 2240 locos
1130 2173 1285 2238 indicatos
1296 2173 1429 2238 adiectis

350 2307 458 2352 sacrae
483 2289 663 2372 Scripturas
683 2288 857 2369 sententiis,
877 2287 935 2352 sed
955 2288 1137 2372 plerumque
1161 2287 1371 2370 longioribus3

271 2405 299 2463 3.
314 2401 539 2466 Conradum
561 2401 607 2466 de
630 2401 874 2466 Halberstat
902 2403 1026 2466 tertiam
1047 2421 1154 2467 earum
1175 2401 1307 2465 formam
1326 2420 1429 2466 susce-

351 2516 435 2599 pisse
471 2516 667 2605 brevioribus
703 2516 860 2599 capitibus
898 2536 955 2600 per
986 2521 1120 2598 quatuor
1157 2522 1278 2580 tantum
1309 2515 1430 2578 litteras

303 2628 311 2634 ’
352 2629 508 2694 distinctis
535 2635 568 2694 et
595 2630 760 2694 sententiis
781 2630 963 2714 Scripturae
989 2650 1099 2696 sacrae
1127 2650 1167 2696 ex
1195 2637 1284 2714 parte
1312 2628 1430 2709 recisis,

350 2751 381 2809 et
401 2745 447 2809 sic
470 2742 711 2809 commodiorem
731 2744 944 2826 levioremque
964 2743 1156 2828 reddidisse,

270 2860 498 2923 hicaunam
518 2857 565 2923 de
587 2859 766 2941 Ragusio
785 2858 1008 2942 particularum
1027 2858 1297 2924 indeclinabilium
1316 2860 1349 2924 in
1369 2861 1439 2943 pri·
1520 2855 1524 2864 '

350 2973 455 3038 oribus
483 2973 669 3037 omissarum
698 2973 813 3038 alteras
841 2972 1089 3036 concordantias
1116 2973 1288 3038 tentavisse
1317 2978 1350 3038 et
1370 2993 1452 3057 ope.

353 3087 590 3152 amanuensium
608 3085 787 3170 perfecisse,

229 3224 361 3286 quornm
378 3224 506 3287 operum
528 3204 589 3268 tria
611 3202 717 3285 priora
737 3201 842 3266 seculo
865 3202 972 3282 XIH„
992 3208 1137 3284 quartum
1158 3205 1263 3270 seculo
1284 3207 1354 3270 XV.
1373 3207 1430 3271 cir-

230 3319 310 3382 citer
331 3317 434 3382 medio
456 3317 598 3382 confecta
619 3318 691 3380 sint.
1011 3398 1016 3408 ι
1181 3383 1184 3388 ,

312 3432 458 3514 Denique
473 3431 582 3510 Quetif
596 3431 615 3493 l.
630 3431 650 3494 l.
664 3431 701 3494 T.
718 3431 741 3494 l.
757 3431 854 3513 piot
869 3428 983 3494 refellit
995 3449 1058 3511 eos,
1073 3431 1126 3512 qui
1137 3429 1247 3496 dicunt
1260 3431 1431 3496 Antonium

229 3546 271 3610 de
299 3545 409 3609 Padua
444 3544 564 3610 ordinis
598 3545 753 3609 Minorum
788 3542 941 3608 eiusmodi
976 3542 1225 3610 Concordantias
1257 3545 1431 3629 collegisse.
1473 3608 1477 3615 .

231 3659 348 3739 Utique
381 3657 631 3721 Concor-dantiae
661 3655 795 3719 crurales
830 3656 1047 3738 concinnavit,
1088 3677 1169 3738 quae
1198 3677 1272 3722 vero
1299 3659 1341 3724 ab
1369 3659 1432 3724 illis

230 3771 358 3836 omnino
375 3771 539 3852 differunt,
566 3771 716 3836 exhibent
737 3771 821 3835 enim
841 3771 978 3834 locorum
999 3789 1107 3836 sacrae
1133 3771 1313 3855 Scripturae
1340 3774 1432 3839 colle-

230 3885 368 3950 ctionem
381 3885 471 3948 iuxta
487 3884 567 3948 vitia
582 3892 613 3948 et
627 3886 759 3950 virtutes
772 3885 973 3976 digestorum,
987 3907 1050 3951 non
1061 3885 1284 3951 vocabulorum
1296 3886 1433 3952 indicem

230 3998 490 4083 alphabeticum.¹
526 3999 692 4064 Praeterea
706 3998 836 4064 diluitur
847 4020 931 4065 error
944 4020 1060 4080 eorum,
1078 4001 1132 4082 qui
1144 4007 1265 4084 putant,
1276 4001 1431 4066 Arlottum

277 4279 283 4310 ¹
303 4275 368 4334 Hae
390 4273 630 4344 concordantiae,
647 4279 724 4332 teste
745 4275 828 4333 Mart.
850 4274 974 4350 Lipenio
994 4275 1026 4334 in
1047 4275 1232 4335 Bibliotheca
1252 4273 1324 4334 reali
1345 4276 1432 4333 theo·

231 4371 328 4444 logica
347 4372 426 4430 Tom.
446 4373 469 4431 Ι.
490 4390 517 4446 p.
541 4368 623 4443 385,
654 4371 826 4446 prodierunt
853 4371 895 4428 sic
922 4371 1099 4447 inscriptae:
1142 4377 1220 4429 Ant.
1241 4371 1285 4428 de
1306 4371 1433 4427 Padua

233 4467 466 4526 Concordantiae
495 4467 621 4526 Morales
643 4467 693 4524 SS.
714 4467 876 4525 Bibliorum
898 4487 963 4525 cum
984 4471 1089 4525 Annot
1111 4469 1218 4526 Romae
1243 4464 1327 4524 1623.
1349 4474 1377 4527 4.
1427 4541 1432 4555 ἠ
