<?xml version="1.0" encoding="UTF-8"?>
<!DOCTYPE html PUBLIC "-//W3C//DTD XHTML 1.0 Transitional//EN"
    "http://www.w3.org/TR/xhtml1/DTD/xhtml1-transitional.dtd">
<html xmlns="http://www.w3.org/1999/xhtml" xml:lang="en" lang="en">
 <head>
  <title>
</title>
<meta http-equiv="Content-Type" content="text/html;charset=utf-8" />
  <meta name='ocr-system' content='tesseract 3.04.00' />
  <meta name='ocr-capabilities' content='ocr_page ocr_carea ocr_par ocr_line ocrx_word'/>
</head>
<body>
  <div class='ocr_page' id='page_1' title='image "./concordantiarum00bindgoog_0038.png"; bbox 0 0 3738 5720; ppageno 0'>
   <div class='ocr_carea' id='block_1_1' title="bbox 718 513 1466 566">
    <p class='ocr_par' dir='ltr' id='par_1_1' title="bbox 718 513 1466 566">
     <span class='ocr_line' id='line_1_1' title="bbox 718 513 1466 566; baseline 0 -1"><span class='ocrx_word' id='word_1_1' title='bbox 718 513 999 566; x_wconf 82' lang='lat' dir='ltr'>PROLEGOMENA.</span> <span class='ocrx_word' id='word_1_2' title='bbox 1373 515 1466 565; x_wconf 89' lang='lat' dir='ltr'>XXIII</span> 
     </span>
    </p>
   </div>
   <div class='ocr_carea' id='block_1_2' title="bbox 263 659 1471 4527">
    <p class='ocr_par' dir='ltr' id='par_1_2' title="bbox 263 659 1471 4527">
     <span class='ocr_line' id='line_1_2' title="bbox 462 659 1467 743; baseline 0 -18"><span class='ocrx_word' id='word_1_3' title='bbox 462 661 671 739; x_wconf 72' lang='lat' dir='ltr'>chaldaicae,</span> <span class='ocrx_word' id='word_1_4' title='bbox 692 660 760 742; x_wconf 85' lang='lat' dir='ltr'>Syr.</span> <span class='ocrx_word' id='word_1_5' title='bbox 785 666 816 723; x_wconf 87' lang='lat' dir='ltr'>et</span> <span class='ocrx_word' id='word_1_6' title='bbox 836 659 931 722; x_wconf 86' lang='lat' dir='ltr'>Arab.</span> <span class='ocrx_word' id='word_1_7' title='bbox 955 660 1238 743; x_wconf 89' lang='lat' dir='ltr'>vocabulorumque</span> <span class='ocrx_word' id='word_1_8' title='bbox 1256 661 1259 742; x_wconf 81' lang='lat' dir='ltr'>l</span> <span class='ocrx_word' id='word_1_9' title='bbox 1279 660 1467 725; x_wconf 87' lang='lat' dir='ltr'>Rabbinioo-</span> 
     </span>
     <span class='ocr_line' id='line_1_3' title="bbox 462 775 1467 856; baseline -0.002 -16"><span class='ocrx_word' id='word_1_10' title='bbox 462 796 529 840; x_wconf 88' lang='lat' dir='ltr'>rum</span> <span class='ocrx_word' id='word_1_11' title='bbox 550 796 621 839; x_wconf 90' lang='lat' dir='ltr'>oum</span> <span class='ocrx_word' id='word_1_12' title='bbox 641 775 807 840; x_wconf 80' lang='lat' dir='ltr'>Hebraicis</span> <span class='ocrx_word' id='word_1_13' title='bbox 827 775 1096 856; x_wconf 64' lang='lat' dir='ltr'>conuenientium</span> <span class='ocrx_word' id='word_1_14' title='bbox 1119 776 1234 840; x_wconf 89' lang='lat' dir='ltr'>Latina</span> <span class='ocrx_word' id='word_1_15' title='bbox 1254 775 1296 838; x_wconf 92' lang='lat' dir='ltr'>ad</span> <span class='ocrx_word' id='word_1_16' title='bbox 1314 776 1318 855; x_wconf 83' lang='lat' dir='ltr'>l</span> <span class='ocrx_word' id='word_1_17' title='bbox 1337 775 1467 840; x_wconf 90' lang='lat' dir='ltr'>verbum</span> 
     </span>
     <span class='ocr_line' id='line_1_4' title="bbox 461 887 1468 973; baseline 0.001 -20"><span class='ocrx_word' id='word_1_18' title='bbox 461 890 564 954; x_wconf 91' lang='lat' dir='ltr'>uersio</span> <span class='ocrx_word' id='word_1_19' title='bbox 586 888 786 972; x_wconf 86' lang='lat' dir='ltr'>adiungitur,</span> <span class='ocrx_word' id='word_1_20' title='bbox 815 887 857 952; x_wconf 96' lang='lat' dir='ltr'>ad</span> <span class='ocrx_word' id='word_1_21' title='bbox 878 909 973 972; x_wconf 90' lang='lat' dir='ltr'>quam</span> <span class='ocrx_word' id='word_1_22' title='bbox 993 889 1164 972; x_wconf 84' lang='lat' dir='ltr'>Vulgatae,</span> <span class='ocrx_word' id='word_1_23' title='bbox 1183 893 1187 970; x_wconf 90' lang='grc'>1</span> <span class='ocrx_word' id='word_1_24' title='bbox 1206 895 1238 954; x_wconf 91' lang='lat' dir='ltr'>et</span> <span class='ocrx_word' id='word_1_25' title='bbox 1259 889 1468 973; x_wconf 77' lang='lat' dir='ltr'>Septuaginta</span> 
     </span>
     <span class='ocr_line' id='line_1_5' title="bbox 464 1004 1467 1088; baseline -0.001 -19"><span class='ocrx_word' id='word_1_26' title='bbox 464 1005 638 1070; x_wconf 85' lang='lat' dir='ltr'>editionum</span> <span class='ocrx_word' id='word_1_27' title='bbox 660 1004 839 1069; x_wconf 88' lang='lat' dir='ltr'>differentia</span> <span class='ocrx_word' id='word_1_28' title='bbox 871 1004 1047 1086; x_wconf 76' lang='lat' dir='ltr'>fi-ldeliter</span> <span class='ocrx_word' id='word_1_29' title='bbox 1074 1004 1272 1088; x_wconf 86' lang='lat' dir='ltr'>expenditur.</span> <span class='ocrx_word' id='word_1_30' title='bbox 1296 1008 1301 1084; x_wconf 84' lang='grc' dir='ltr'>Ι</span> <span class='ocrx_word' id='word_1_31' title='bbox 1333 1004 1467 1068; x_wconf 93' lang='lat' dir='ltr'>Demum</span> 
     </span>
     <span class='ocr_line' id='line_1_6' title="bbox 465 1118 1465 1202; baseline -0.002 -18"><span class='ocrx_word' id='word_1_32' title='bbox 465 1119 602 1184; x_wconf 87' lang='lat' dir='ltr'>Nomina</span> <span class='ocrx_word' id='word_1_33' title='bbox 627 1119 757 1202; x_wconf 91' lang='lat' dir='ltr'>propria</span> <span class='ocrx_word' id='word_1_34' title='bbox 783 1118 824 1182; x_wconf 91' lang='lat' dir='ltr'>ad</span> <span class='ocrx_word' id='word_1_35' title='bbox 853 1119 970 1183; x_wconf 86' lang='lat' dir='ltr'>calcem</span> <span class='ocrx_word' id='word_1_36' title='bbox 997 1139 1079 1183; x_wconf 92' lang='lat' dir='ltr'>nouo</span> <span class='ocrx_word' id='word_1_37' title='bbox 1108 1118 1218 1183; x_wconf 85' lang='lat' dir='ltr'>ordine</span> <span class='ocrx_word' id='word_1_38' title='bbox 1247 1120 1437 1202; x_wconf 83' lang='lat' dir='ltr'>digeruntur.</span> <span class='ocrx_word' id='word_1_39' title='bbox 1461 1121 1465 1198; x_wconf 78' lang='lat' dir='ltr'>l</span> 
     </span>
     <span class='ocr_line' id='line_1_7' title="bbox 463 1233 1466 1316; baseline -0.002 -18"><span class='ocrx_word' id='word_1_40' title='bbox 463 1235 598 1299; x_wconf 83' lang='lat' dir='ltr'>Auctore</span> <span class='ocrx_word' id='word_1_41' title='bbox 624 1235 661 1298; x_wconf 90' lang='lat' dir='ltr'>R.</span> <span class='ocrx_word' id='word_1_42' title='bbox 685 1235 719 1299; x_wconf 95' lang='grc' dir='ltr'>Ρ.</span> <span class='ocrx_word' id='word_1_43' title='bbox 741 1235 831 1299; x_wconf 87' lang='lat' dir='ltr'>Dect.</span> <span class='ocrx_word' id='word_1_44' title='bbox 859 1235 895 1297; x_wconf 79' lang='lat' dir='ltr'>F.</span> <span class='ocrx_word' id='word_1_45' title='bbox 915 1234 1016 1298; x_wconf 90' lang='lat' dir='ltr'>Mario</span> <span class='ocrx_word' id='word_1_46' title='bbox 1050 1234 1091 1298; x_wconf 90' lang='lat' dir='ltr'>de</span> <span class='ocrx_word' id='word_1_47' title='bbox 1119 1234 1246 1299; x_wconf 75' lang='lat' dir='ltr'>Calasio</span> <span class='ocrx_word' id='word_1_48' title='bbox 1272 1235 1276 1316; x_wconf 89' lang='grc' dir='ltr'>Ι</span> <span class='ocrx_word' id='word_1_49' title='bbox 1301 1233 1366 1299; x_wconf 92' lang='lat' dir='ltr'>ord.</span> <span class='ocrx_word' id='word_1_50' title='bbox 1390 1233 1466 1297; x_wconf 88' lang='lat' dir='ltr'>Min.</span> 
     </span>
     <span class='ocr_line' id='line_1_8' title="bbox 465 1348 1468 1432; baseline -0.002 -18"><span class='ocrx_word' id='word_1_51' title='bbox 465 1350 563 1414; x_wconf 83' lang='lat' dir='ltr'>obser.</span> <span class='ocrx_word' id='word_1_52' title='bbox 584 1350 675 1414; x_wconf 91' lang='lat' dir='ltr'>Prou.</span> <span class='ocrx_word' id='word_1_53' title='bbox 698 1349 876 1430; x_wconf 86' lang='lat' dir='ltr'>Romanae,</span> <span class='ocrx_word' id='word_1_54' title='bbox 896 1349 1024 1432; x_wconf 82' lang='lat' dir='ltr'>linguae</span> <span class='ocrx_word' id='word_1_55' title='bbox 1045 1349 1112 1413; x_wconf 58' lang='lat' dir='ltr'>Stre</span> <span class='ocrx_word' id='word_1_56' title='bbox 1132 1351 1135 1426; x_wconf 83' lang='lat' dir='ltr'>l</span> <span class='ocrx_word' id='word_1_57' title='bbox 1153 1349 1337 1432; x_wconf 82' lang='lat' dir='ltr'>professore.</span> <span class='ocrx_word' id='word_1_58' title='bbox 1357 1349 1361 1430; x_wconf 85' lang='grc' dir='ltr'>Ι</span> <span class='ocrx_word' id='word_1_59' title='bbox 1380 1348 1468 1431; x_wconf 87' lang='lat' dir='ltr'>Opus</span> 
     </span>
     <span class='ocr_line' id='line_1_9' title="bbox 463 1463 1466 1548; baseline -0.001 -20"><span class='ocrx_word' id='word_1_60' title='bbox 463 1464 595 1548; x_wconf 90' lang='lat' dir='ltr'>Reipub.</span> <span class='ocrx_word' id='word_1_61' title='bbox 620 1463 835 1544; x_wconf 84' lang='lat' dir='ltr'>Christianae,</span> <span class='ocrx_word' id='word_1_62' title='bbox 872 1470 903 1529; x_wconf 90' lang='lat' dir='ltr'>et</span> <span class='ocrx_word' id='word_1_63' title='bbox 930 1465 1116 1548; x_wconf 90' lang='lat' dir='ltr'>praesertim</span> <span class='ocrx_word' id='word_1_64' title='bbox 1142 1464 1253 1528; x_wconf 91' lang='lat' dir='ltr'>Diuini</span> <span class='ocrx_word' id='word_1_65' title='bbox 1282 1463 1370 1529; x_wconf 88' lang='lat' dir='ltr'>uerbi</span> <span class='ocrx_word' id='word_1_66' title='bbox 1395 1484 1466 1527; x_wconf 90' lang='lat' dir='ltr'>con-</span> 
     </span>
     <span class='ocr_line' id='line_1_10' title="bbox 464 1578 1466 1663; baseline -0.001 -21"><span class='ocrx_word' id='word_1_67' title='bbox 464 1579 708 1661; x_wconf 80' lang='lat' dir='ltr'>ciona-ltoribus,</span> <span class='ocrx_word' id='word_1_68' title='bbox 728 1599 766 1645; x_wconf 89' lang='lat' dir='ltr'>ao</span> <span class='ocrx_word' id='word_1_69' title='bbox 784 1580 816 1644; x_wconf 87' lang='lat' dir='ltr'>S.</span> <span class='ocrx_word' id='word_1_70' title='bbox 836 1580 942 1663; x_wconf 87' lang='lat' dir='ltr'>script.</span> <span class='ocrx_word' id='word_1_71' title='bbox 966 1578 1069 1644; x_wconf 89' lang='lat' dir='ltr'>studio</span> <span class='ocrx_word' id='word_1_72' title='bbox 1086 1579 1223 1644; x_wconf 90' lang='lat' dir='ltr'>inoumb.</span> <span class='ocrx_word' id='word_1_73' title='bbox 1240 1581 1360 1644; x_wconf 83' lang='lat' dir='ltr'>summe</span> <span class='ocrx_word' id='word_1_74' title='bbox 1380 1578 1466 1661; x_wconf 93' lang='lat' dir='ltr'>utile,</span> 
     </span>
     <span class='ocr_line' id='line_1_11' title="bbox 464 1691 1467 1777; baseline -0.004 -20"><span class='ocrx_word' id='word_1_75' title='bbox 464 1699 495 1757; x_wconf 91' lang='lat' dir='ltr'>et</span> <span class='ocrx_word' id='word_1_76' title='bbox 507 1694 651 1777; x_wconf 82' lang='lat' dir='ltr'>apprime</span> <span class='ocrx_word' id='word_1_77' title='bbox 664 1695 883 1759; x_wconf 87' lang='lat' dir='ltr'>necessarium.</span> <span class='ocrx_word' id='word_1_78' title='bbox 904 1696 908 1774; x_wconf 90' lang='grc' dir='ltr'>Ι</span> <span class='ocrx_word' id='word_1_79' title='bbox 926 1694 1043 1757; x_wconf 84' lang='lat' dir='ltr'>Tomvs</span> <span class='ocrx_word' id='word_1_80' title='bbox 1058 1693 1190 1759; x_wconf 90' lang='lat' dir='ltr'>Primvs.</span> <span class='ocrx_word' id='word_1_81' title='bbox 1211 1697 1214 1768; x_wconf 85' lang='lat' dir='ltr'>l</span> <span class='ocrx_word' id='word_1_82' title='bbox 1233 1693 1369 1774; x_wconf 77' lang='lat' dir='ltr'>(Infima</span> <span class='ocrx_word' id='word_1_83' title='bbox 1390 1691 1467 1770; x_wconf 83' lang='lat' dir='ltr'>loco,</span> 
     </span>
     <span class='ocr_line' id='line_1_12' title="bbox 457 1807 1467 1892; baseline 0.002 -22"><span class='ocrx_word' id='word_1_84' title='bbox 457 1809 577 1892; x_wconf 71' lang='lat' dir='ltr'>fipurds</span> <span class='ocrx_word' id='word_1_85' title='bbox 600 1810 831 1892; x_wconf 77' lang='lat' dir='ltr'>r&#39;rtterposr&#39;tr&#39;st)</span> <span class='ocrx_word' id='word_1_86' title='bbox 852 1809 970 1873; x_wconf 81' lang='lat' dir='ltr'>Romae</span> <span class='ocrx_word' id='word_1_87' title='bbox 992 1822 1049 1877; x_wconf 80' lang='lat' dir='ltr'>olo</span> <span class='ocrx_word' id='word_1_88' title='bbox 1071 1824 1107 1878; x_wconf 76' lang='grc' dir='ltr'>Ιί)</span> <span class='ocrx_word' id='word_1_89' title='bbox 1129 1822 1149 1872; x_wconf 85' lang='lat' dir='ltr'>C</span> <span class='ocrx_word' id='word_1_90' title='bbox 1169 1823 1242 1876; x_wconf 88' lang='lat' dir='ltr'>XXI.</span> <span class='ocrx_word' id='word_1_91' title='bbox 1262 1809 1265 1890; x_wconf 72' lang='lat' dir='ltr'>l</span> <span class='ocrx_word' id='word_1_92' title='bbox 1283 1807 1379 1892; x_wconf 87' lang='lat' dir='ltr'>Apud</span> <span class='ocrx_word' id='word_1_93' title='bbox 1400 1807 1467 1873; x_wconf 79' lang='lat' dir='ltr'>Ste-</span> 
     </span>
     <span class='ocr_line' id='line_1_13' title="bbox 463 1922 1467 2008; baseline -0.001 -22"><span class='ocrx_word' id='word_1_94' title='bbox 463 1922 602 2007; x_wconf 88' lang='lat' dir='ltr'>phanum</span> <span class='ocrx_word' id='word_1_95' title='bbox 633 1923 799 1988; x_wconf 92' lang='lat' dir='ltr'>Paulinum</span> <span class='ocrx_word' id='word_1_96' title='bbox 826 1924 1028 2007; x_wconf 84' lang='lat' dir='ltr'>Superiorum</span> <span class='ocrx_word' id='word_1_97' title='bbox 1057 1925 1220 2008; x_wconf 87' lang='lat' dir='ltr'>permissu.</span> <span class='ocrx_word' id='word_1_98' title='bbox 1245 1925 1251 2006; x_wconf 93' lang='grc' dir='ltr'>Ι</span> <span class='ocrx_word' id='word_1_99' title='bbox 1276 1923 1355 1988; x_wconf 93' lang='lat' dir='ltr'>Phil.</span> <span class='ocrx_word' id='word_1_100' title='bbox 1385 1922 1467 1986; x_wconf 85' lang='lat' dir='ltr'>Tho-</span> 
     </span>
     <span class='ocr_line' id='line_1_14' title="bbox 463 2037 726 2103; baseline 0 -2"><span class='ocrx_word' id='word_1_101' title='bbox 463 2038 621 2103; x_wconf 90' lang='lat' dir='ltr'>massinus</span> <span class='ocrx_word' id='word_1_102' title='bbox 643 2037 726 2103; x_wconf 83' lang='lat' dir='ltr'>lecit.</span> 
     </span>
     <span class='ocr_line' id='line_1_15' title="bbox 264 2150 1468 2238; baseline -0.001 -23"><span class='ocrx_word' id='word_1_103' title='bbox 264 2152 327 2216; x_wconf 96' lang='lat' dir='ltr'>Hic</span> <span class='ocrx_word' id='word_1_104' title='bbox 348 2153 454 2217; x_wconf 89' lang='lat' dir='ltr'>titulus</span> <span class='ocrx_word' id='word_1_105' title='bbox 474 2174 536 2218; x_wconf 92' lang='lat' dir='ltr'>non</span> <span class='ocrx_word' id='word_1_106' title='bbox 557 2155 643 2237; x_wconf 87' lang='lat' dir='ltr'>typis</span> <span class='ocrx_word' id='word_1_107' title='bbox 667 2155 859 2238; x_wconf 85' lang='lat' dir='ltr'>exscriptus,</span> <span class='ocrx_word' id='word_1_108' title='bbox 882 2153 938 2219; x_wconf 90' lang='lat' dir='ltr'>sed</span> <span class='ocrx_word' id='word_1_109' title='bbox 959 2174 1022 2218; x_wconf 92' lang='lat' dir='ltr'>una</span> <span class='ocrx_word' id='word_1_110' title='bbox 1046 2174 1116 2219; x_wconf 87' lang='lat' dir='ltr'>eum</span> <span class='ocrx_word' id='word_1_111' title='bbox 1136 2154 1243 2218; x_wconf 90' lang='lat' dir='ltr'>multis</span> <span class='ocrx_word' id='word_1_112' title='bbox 1263 2152 1380 2235; x_wconf 86' lang='lat' dir='ltr'>figuris,</span> <span class='ocrx_word' id='word_1_113' title='bbox 1402 2150 1468 2232; x_wconf 91' lang='lat' dir='ltr'>qui-</span> 
     </span>
     <span class='ocr_line' id='line_1_16' title="bbox 266 2263 1470 2349; baseline -0.002 -19"><span class='ocrx_word' id='word_1_114' title='bbox 266 2267 326 2330; x_wconf 92' lang='lat' dir='ltr'>bus</span> <span class='ocrx_word' id='word_1_115' title='bbox 347 2267 467 2332; x_wconf 88' lang='lat' dir='ltr'>cinctus</span> <span class='ocrx_word' id='word_1_116' title='bbox 484 2274 542 2349; x_wconf 90' lang='lat' dir='ltr'>est,</span> <span class='ocrx_word' id='word_1_117' title='bbox 560 2290 580 2332; x_wconf 90' lang='lat' dir='ltr'>a</span> <span class='ocrx_word' id='word_1_118' title='bbox 601 2269 682 2333; x_wconf 89' lang='lat' dir='ltr'>Phil.</span> <span class='ocrx_word' id='word_1_119' title='bbox 706 2269 917 2334; x_wconf 85' lang='lat' dir='ltr'>Thomassino</span> <span class='ocrx_word' id='word_1_120' title='bbox 938 2270 1003 2334; x_wconf 89' lang='lat' dir='ltr'>aeri</span> <span class='ocrx_word' id='word_1_121' title='bbox 1024 2276 1072 2334; x_wconf 92' lang='lat' dir='ltr'>est</span> <span class='ocrx_word' id='word_1_122' title='bbox 1092 2269 1219 2334; x_wconf 89' lang='lat' dir='ltr'>incisus.</span> <span class='ocrx_word' id='word_1_123' title='bbox 1242 2304 1280 2313; x_wconf 97' lang='lat'>-</span> <span class='ocrx_word' id='word_1_124' title='bbox 1301 2267 1372 2330; x_wconf 92' lang='lat' dir='ltr'>Duo</span> <span class='ocrx_word' id='word_1_125' title='bbox 1392 2263 1470 2328; x_wconf 88' lang='lat' dir='ltr'>folia</span> 
     </span>
     <span class='ocr_line' id='line_1_17' title="bbox 264 2363 1468 2468; baseline -0.003 -23"><span class='ocrx_word' id='word_1_126' title='bbox 264 2382 389 2446; x_wconf 92' lang='lat' dir='ltr'>titulum</span> <span class='ocrx_word' id='word_1_127' title='bbox 419 2385 582 2466; x_wconf 88' lang='lat' dir='ltr'>sequentia</span> <span class='ocrx_word' id='word_1_128' title='bbox 609 2385 770 2449; x_wconf 78' lang='lat' dir='ltr'>continent</span> <span class='ocrx_word' id='word_1_129' title='bbox 793 2384 993 2468; x_wconf 85' lang='lat' dir='ltr'>Superiorum</span> <span class='ocrx_word' id='word_1_130' title='bbox 1020 2384 1146 2448; x_wconf 84' lang='lat' dir='ltr'>veniam</span> <span class='ocrx_word' id='word_1_131' title='bbox 1171 2383 1232 2447; x_wconf 90' lang='lat' dir='ltr'>hoc</span> <span class='ocrx_word' id='word_1_132' title='bbox 1258 2399 1337 2464; x_wconf 89' lang='lat' dir='ltr'>opus</span> <span class='ocrx_word' id='word_1_133' title='bbox 1361 2363 1468 2461; x_wconf 93' lang='lat' dir='ltr'>impri-</span> 
     </span>
     <span class='ocr_line' id='line_1_18' title="bbox 263 2492 1468 2582; baseline -0.002 -24"><span class='ocrx_word' id='word_1_134' title='bbox 263 2495 371 2559; x_wconf 92' lang='lat' dir='ltr'>mendi</span> <span class='ocrx_word' id='word_1_135' title='bbox 398 2502 429 2560; x_wconf 89' lang='lat' dir='ltr'>et</span> <span class='ocrx_word' id='word_1_136' title='bbox 452 2498 503 2561; x_wconf 85' lang='lat' dir='ltr'>Fr.</span> <span class='ocrx_word' id='word_1_137' title='bbox 524 2497 712 2562; x_wconf 91' lang='lat' dir='ltr'>Bemardini</span> <span class='ocrx_word' id='word_1_138' title='bbox 738 2518 758 2561; x_wconf 91' lang='lat' dir='ltr'>a</span> <span class='ocrx_word' id='word_1_139' title='bbox 785 2498 891 2563; x_wconf 87' lang='lat' dir='ltr'>Monte</span> <span class='ocrx_word' id='word_1_140' title='bbox 921 2497 1019 2564; x_wconf 81' lang='lat' dir='ltr'>Calvo</span> <span class='ocrx_word' id='word_1_141' title='bbox 1052 2496 1218 2582; x_wconf 88' lang='lat' dir='ltr'>epistolam</span> <span class='ocrx_word' id='word_1_142' title='bbox 1240 2492 1468 2559; x_wconf 89' lang='lat' dir='ltr'>dedicatoriam</span> 
     </span>
     <span class='ocr_line' id='line_1_19' title="bbox 265 2606 1469 2692; baseline -0.001 -21"><span class='ocrx_word' id='word_1_143' title='bbox 265 2608 308 2671; x_wconf 92' lang='lat' dir='ltr'>ad</span> <span class='ocrx_word' id='word_1_144' title='bbox 333 2609 517 2692; x_wconf 84' lang='lat' dir='ltr'>Gregorium</span> <span class='ocrx_word' id='word_1_145' title='bbox 545 2611 614 2675; x_wconf 90' lang='lat' dir='ltr'>XV.</span> <span class='ocrx_word' id='word_1_146' title='bbox 642 2610 839 2692; x_wconf 80' lang='lat' dir='ltr'>Pontificem3</span> <span class='ocrx_word' id='word_1_147' title='bbox 881 2612 942 2674; x_wconf 85' lang='lat' dir='ltr'>tria</span> <span class='ocrx_word' id='word_1_148' title='bbox 969 2610 1193 2692; x_wconf 86' lang='lat' dir='ltr'>subsequentia</span> <span class='ocrx_word' id='word_1_149' title='bbox 1225 2609 1277 2674; x_wconf 84' lang='lat' dir='ltr'>Fr.</span> <span class='ocrx_word' id='word_1_150' title='bbox 1304 2606 1469 2672; x_wconf 87' lang='lat' dir='ltr'>Michaelis</span> 
     </span>
     <span class='ocr_line' id='line_1_20' title="bbox 263 2722 1470 2809; baseline -0.001 -23"><span class='ocrx_word' id='word_1_151' title='bbox 263 2723 380 2805; x_wconf 85' lang='lat' dir='ltr'>Angeli</span> <span class='ocrx_word' id='word_1_152' title='bbox 408 2725 563 2789; x_wconf 86' lang='lat' dir='ltr'>aSancto</span> <span class='ocrx_word' id='word_1_153' title='bbox 590 2725 724 2790; x_wconf 90' lang='lat' dir='ltr'>Romulo</span> <span class='ocrx_word' id='word_1_154' title='bbox 750 2725 977 2809; x_wconf 89' lang='lat' dir='ltr'>praefationem</span> <span class='ocrx_word' id='word_1_155' title='bbox 1003 2724 1045 2789; x_wconf 87' lang='lat' dir='ltr'>ad</span> <span class='ocrx_word' id='word_1_156' title='bbox 1067 2727 1246 2806; x_wconf 89' lang='lat' dir='ltr'>Lectorcm,</span> <span class='ocrx_word' id='word_1_157' title='bbox 1274 2728 1305 2787; x_wconf 91' lang='lat' dir='ltr'>et</span> <span class='ocrx_word' id='word_1_158' title='bbox 1334 2722 1470 2787; x_wconf 89' lang='lat' dir='ltr'>auctoris</span> 
     </span>
     <span class='ocr_line' id='line_1_21' title="bbox 263 2837 1469 2921; baseline -0.001 -21"><span class='ocrx_word' id='word_1_159' title='bbox 263 2837 380 2918; x_wconf 82' lang='lat' dir='ltr'>vitam3</span> <span class='ocrx_word' id='word_1_160' title='bbox 416 2858 550 2921; x_wconf 90' lang='lat' dir='ltr'>sequens</span> <span class='ocrx_word' id='word_1_161' title='bbox 577 2838 686 2904; x_wconf 85' lang='lat' dir='ltr'>folium</span> <span class='ocrx_word' id='word_1_162' title='bbox 713 2841 749 2918; x_wconf 87' lang='lat' dir='ltr'>(b</span> <span class='ocrx_word' id='word_1_163' title='bbox 774 2843 802 2921; x_wconf 89' lang='grc'>1)</span> <span class='ocrx_word' id='word_1_164' title='bbox 831 2840 969 2906; x_wconf 88' lang='lat' dir='ltr'>continet</span> <span class='ocrx_word' id='word_1_165' title='bbox 997 2840 1160 2905; x_wconf 85' lang='lat' dir='ltr'>Francisci</span> <span class='ocrx_word' id='word_1_166' title='bbox 1188 2838 1307 2904; x_wconf 90' lang='lat' dir='ltr'>Donati</span> <span class='ocrx_word' id='word_1_167' title='bbox 1335 2837 1469 2901; x_wconf 89' lang='lat' dir='ltr'>Romani</span> 
     </span>
     <span class='ocr_line' id='line_1_22' title="bbox 267 2950 1468 3038; baseline -0.002 -21"><span class='ocrx_word' id='word_1_168' title='bbox 267 2950 342 3017; x_wconf 89' lang='lat' dir='ltr'>Ord.</span> <span class='ocrx_word' id='word_1_169' title='bbox 363 2952 633 3034; x_wconf 87' lang='lat' dir='ltr'>Praedicatorum‚</span> <span class='ocrx_word' id='word_1_170' title='bbox 661 2955 691 3020; x_wconf 83' lang='lat' dir='ltr'>S.</span> <span class='ocrx_word' id='word_1_171' title='bbox 710 2955 819 3020; x_wconf 84' lang='lat' dir='ltr'>Theoi.</span> <span class='ocrx_word' id='word_1_172' title='bbox 841 2975 880 3020; x_wconf 88' lang='lat' dir='ltr'>ae</span> <span class='ocrx_word' id='word_1_173' title='bbox 901 2956 1094 3038; x_wconf 83' lang='lat' dir='ltr'>Linguamm</span> <span class='ocrx_word' id='word_1_174' title='bbox 1115 2953 1266 3021; x_wconf 89' lang='lat' dir='ltr'>Oriental.</span> <span class='ocrx_word' id='word_1_175' title='bbox 1285 2950 1382 3033; x_wconf 75' lang='lat' dir='ltr'>Prot,</span> <span class='ocrx_word' id='word_1_176' title='bbox 1403 2971 1468 3016; x_wconf 91' lang='lat' dir='ltr'>oar-</span> 
     </span>
     <span class='ocr_line' id='line_1_23' title="bbox 266 3066 1468 3152; baseline 0.001 -23"><span class='ocrx_word' id='word_1_177' title='bbox 266 3066 354 3129; x_wconf 90' lang='lat' dir='ltr'>mina</span> <span class='ocrx_word' id='word_1_178' title='bbox 373 3066 523 3132; x_wconf 89' lang='lat' dir='ltr'>hebraica</span> <span class='ocrx_word' id='word_1_179' title='bbox 548 3075 580 3133; x_wconf 89' lang='lat' dir='ltr'>et</span> <span class='ocrx_word' id='word_1_180' title='bbox 600 3070 724 3152; x_wconf 88' lang='lat' dir='ltr'>syriaca</span> <span class='ocrx_word' id='word_1_181' title='bbox 745 3071 778 3133; x_wconf 94' lang='lat' dir='ltr'>in</span> <span class='ocrx_word' id='word_1_182' title='bbox 800 3070 926 3134; x_wconf 89' lang='lat' dir='ltr'>laudem</span> <span class='ocrx_word' id='word_1_183' title='bbox 947 3071 1092 3135; x_wconf 86' lang='lat' dir='ltr'>Auctoris</span> <span class='ocrx_word' id='word_1_184' title='bbox 1119 3075 1149 3134; x_wconf 89' lang='lat' dir='ltr'>et</span> <span class='ocrx_word' id='word_1_185' title='bbox 1173 3067 1303 3152; x_wconf 73' lang='lat' dir='ltr'>Operis,</span> <span class='ocrx_word' id='word_1_186' title='bbox 1330 3066 1468 3149; x_wconf 92' lang='lat' dir='ltr'>quinque</span> 
     </span>
     <span class='ocr_line' id='line_1_24' title="bbox 267 3180 1469 3268; baseline 0 -24"><span class='ocrx_word' id='word_1_187' title='bbox 267 3182 446 3263; x_wconf 88' lang='lat' dir='ltr'>sequentia,</span> <span class='ocrx_word' id='word_1_188' title='bbox 470 3203 600 3265; x_wconf 92' lang='lat' dir='ltr'>quorum</span> <span class='ocrx_word' id='word_1_189' title='bbox 626 3183 688 3249; x_wconf 92' lang='lat' dir='ltr'>duo</span> <span class='ocrx_word' id='word_1_190' title='bbox 715 3185 821 3268; x_wconf 91' lang='lat' dir='ltr'>priora</span> <span class='ocrx_word' id='word_1_191' title='bbox 847 3185 974 3267; x_wconf 82' lang='lat' dir='ltr'>signata</span> <span class='ocrx_word' id='word_1_192' title='bbox 1003 3192 1089 3250; x_wconf 91' lang='lat' dir='ltr'>sunt:</span> <span class='ocrx_word' id='word_1_193' title='bbox 1116 3184 1135 3248; x_wconf 94' lang='lat' dir='ltr'>b</span> <span class='ocrx_word' id='word_1_194' title='bbox 1159 3185 1194 3264; x_wconf 85' lang='lat'>2,</span> <span class='ocrx_word' id='word_1_195' title='bbox 1214 3183 1235 3247; x_wconf 91' lang='lat' dir='ltr'>b</span> <span class='ocrx_word' id='word_1_196' title='bbox 1259 3183 1291 3262; x_wconf 88' lang='lat'>3,</span> <span class='ocrx_word' id='word_1_197' title='bbox 1319 3180 1469 3245; x_wconf 86' lang='lat' dir='ltr'>exhibent</span> 
     </span>
     <span class='ocr_line' id='line_1_25' title="bbox 266 3294 1468 3382; baseline -0.002 -23"><span class='ocrx_word' id='word_1_198' title='bbox 266 3296 372 3360; x_wconf 88' lang='lat' dir='ltr'>Lucae</span> <span class='ocrx_word' id='word_1_199' title='bbox 395 3297 556 3362; x_wconf 84' lang='lat' dir='ltr'>Guaddini</span> <span class='ocrx_word' id='word_1_200' title='bbox 575 3296 909 3382; x_wconf 88' lang='lat' dir='ltr'>HiberniManapien.,</span> <span class='ocrx_word' id='word_1_201' title='bbox 932 3299 1006 3363; x_wconf 95' lang='lat' dir='ltr'>olim</span> <span class='ocrx_word' id='word_1_202' title='bbox 1019 3296 1105 3382; x_wconf 89' lang='lat' dir='ltr'>apud</span> <span class='ocrx_word' id='word_1_203' title='bbox 1115 3297 1337 3363; x_wconf 81' lang='lat' dir='ltr'>Salmanticen.</span> <span class='ocrx_word' id='word_1_204' title='bbox 1360 3294 1468 3358; x_wconf 84' lang='lat' dir='ltr'>Theol.</span> 
     </span>
     <span class='ocr_line' id='line_1_26' title="bbox 266 3408 1467 3496; baseline -0.002 -22"><span class='ocrx_word' id='word_1_205' title='bbox 266 3409 463 3493; x_wconf 85' lang='lat' dir='ltr'>Prolessoris,</span> <span class='ocrx_word' id='word_1_206' title='bbox 484 3412 534 3476; x_wconf 91' lang='lat' dir='ltr'>De</span> <span class='ocrx_word' id='word_1_207' title='bbox 546 3413 722 3477; x_wconf 86' lang='lat' dir='ltr'>Hebraieae</span> <span class='ocrx_word' id='word_1_208' title='bbox 733 3413 876 3495; x_wconf 83' lang='lat' dir='ltr'>Linguae</span> <span class='ocrx_word' id='word_1_209' title='bbox 897 3413 1027 3495; x_wconf 83' lang='lat' dir='ltr'>origine,</span> <span class='ocrx_word' id='word_1_210' title='bbox 1049 3411 1254 3496; x_wconf 86' lang='lat' dir='ltr'>praestantia,</span> <span class='ocrx_word' id='word_1_211' title='bbox 1277 3415 1308 3475; x_wconf 93' lang='lat' dir='ltr'>et</span> <span class='ocrx_word' id='word_1_212' title='bbox 1321 3408 1467 3489; x_wconf 91' lang='lat' dir='ltr'>utilitate,</span> 
     </span>
     <span class='ocr_line' id='line_1_27' title="bbox 266 3524 1278 3610; baseline -0.001 -22"><span class='ocrx_word' id='word_1_213' title='bbox 266 3524 309 3588; x_wconf 91' lang='lat' dir='ltr'>ad</span> <span class='ocrx_word' id='word_1_214' title='bbox 328 3545 486 3590; x_wconf 88' lang='lat' dir='ltr'>sacrarum</span> <span class='ocrx_word' id='word_1_215' title='bbox 505 3526 666 3591; x_wconf 88' lang='lat' dir='ltr'>literarum</span> <span class='ocrx_word' id='word_1_216' title='bbox 687 3527 842 3592; x_wconf 90' lang='lat' dir='ltr'>studiosos</span> <span class='ocrx_word' id='word_1_217' title='bbox 861 3528 1057 3610; x_wconf 87' lang='lat' dir='ltr'>interpretes,</span> <span class='ocrx_word' id='word_1_218' title='bbox 1077 3526 1278 3610; x_wconf 88' lang='lat' dir='ltr'>Opusoulum.</span> 
     </span>
     <span class='ocr_line' id='line_1_28' title="bbox 347 3639 1470 3724; baseline 0 -22"><span class='ocrx_word' id='word_1_219' title='bbox 347 3641 556 3723; x_wconf 89' lang='lat' dir='ltr'>Insequenti</span> <span class='ocrx_word' id='word_1_220' title='bbox 577 3641 652 3706; x_wconf 83' lang='lat' dir='ltr'>folio</span> <span class='ocrx_word' id='word_1_221' title='bbox 685 3641 837 3706; x_wconf 70' lang='lat' dir='ltr'>litterari</span> <span class='ocrx_word' id='word_1_222' title='bbox 869 3642 993 3724; x_wconf 85' lang='lat' dir='ltr'>signato</span> <span class='ocrx_word' id='word_1_223' title='bbox 1022 3641 1141 3705; x_wconf 94' lang='lat' dir='ltr'>orditur</span> <span class='ocrx_word' id='word_1_224' title='bbox 1169 3639 1470 3705; x_wconf 76' lang='lat' dir='ltr'>Concordantiarum</span> 
     </span>
     <span class='ocr_line' id='line_1_29' title="bbox 267 3754 927 3840; baseline 0.002 -23"><span class='ocrx_word' id='word_1_225' title='bbox 267 3754 385 3818; x_wconf 85' lang='lat' dir='ltr'>Tomus</span> <span class='ocrx_word' id='word_1_226' title='bbox 406 3756 430 3819; x_wconf 94' lang='grc' dir='ltr'>Ι.</span> <span class='ocrx_word' id='word_1_227' title='bbox 451 3755 492 3820; x_wconf 90' lang='lat' dir='ltr'>ab</span> <span class='ocrx_word' id='word_1_228' title='bbox 512 3755 572 3820; x_wconf 86' lang='lat' dir='ltr'>hae</span> <span class='ocrx_word' id='word_1_229' title='bbox 592 3756 810 3840; x_wconf 88' lang='lat' dir='ltr'>inscriptione:</span> <span class='ocrx_word' id='word_1_230' title='bbox 923 3791 927 3796; x_wconf 91' lang='lat'><em>·</em></span> 
     </span>
     <span class='ocr_line' id='line_1_30' title="bbox 388 3852 1267 3936; baseline 0.001 -3"><span class='ocrx_word' id='word_1_231' title='bbox 388 3868 638 3934; x_wconf 78' lang='lat' dir='ltr'>Concordantiae</span> <span class='ocrx_word' id='word_1_232' title='bbox 661 3871 826 3935; x_wconf 84' lang='lat' dir='ltr'>Sacrorvm</span> <span class='ocrx_word' id='word_1_233' title='bbox 847 3870 1021 3935; x_wconf 90' lang='lat' dir='ltr'>Bibliorvm</span> <span class='ocrx_word' id='word_1_234' title='bbox 1042 3852 1267 3936; x_wconf 76' lang='lat' dir='ltr'>Hebraicor&#39;vm</span> 
     </span>
     <span class='ocr_line' id='line_1_31' title="bbox 626 3969 1038 4062; baseline 0 -14"><span class='ocrx_word' id='word_1_235' title='bbox 626 3969 629 3976; x_wconf 31' lang='lat'>¹</span> <span class='ocrx_word' id='word_1_236' title='bbox 696 3985 817 4062; x_wconf 78' lang='lat' dir='ltr'>Quibus</span> <span class='ocrx_word' id='word_1_237' title='bbox 838 3991 1038 4049; x_wconf 87' lang='lat' dir='ltr'>accesserunt</span> 
     </span>
     <span class='ocr_line' id='line_1_32' title="bbox 390 4097 1471 4181; baseline -0.003 -19"><span class='ocrx_word' id='word_1_238' title='bbox 390 4100 418 4162; x_wconf 83' lang='lat' dir='ltr'><strong>A</strong></span> <span class='ocrx_word' id='word_1_239' title='bbox 438 4098 539 4164; x_wconf 86' lang='lat' dir='ltr'>fronte</span> <span class='ocrx_word' id='word_1_240' title='bbox 562 4100 711 4181; x_wconf 87' lang='lat' dir='ltr'>cuiusque</span> <span class='ocrx_word' id='word_1_241' title='bbox 731 4098 835 4179; x_wconf 87' lang='lat' dir='ltr'>vocis,</span> <span class='ocrx_word' id='word_1_242' title='bbox 862 4118 916 4162; x_wconf 89' lang='lat' dir='ltr'>seu</span> <span class='ocrx_word' id='word_1_243' title='bbox 939 4099 1055 4164; x_wconf 90' lang='lat' dir='ltr'>radicis</span> <span class='ocrx_word' id='word_1_244' title='bbox 1076 4100 1253 4165; x_wconf 88' lang='lat' dir='ltr'>Hebraieae</span> <span class='ocrx_word' id='word_1_245' title='bbox 1275 4097 1471 4181; x_wconf 89' lang='lat' dir='ltr'>amplissima</span> 
     </span>
     <span class='ocr_line' id='line_1_33' title="bbox 468 4210 1470 4296; baseline -0.005 -18"><span class='ocrx_word' id='word_1_246' title='bbox 468 4213 535 4278; x_wconf 90' lang='lat' dir='ltr'>eius</span> <span class='ocrx_word' id='word_1_247' title='bbox 555 4213 777 4292; x_wconf 89' lang='lat' dir='ltr'>derivatorum,</span> <span class='ocrx_word' id='word_1_248' title='bbox 799 4232 918 4295; x_wconf 90' lang='lat' dir='ltr'>usuum,</span> <span class='ocrx_word' id='word_1_249' title='bbox 939 4213 1266 4296; x_wconf 85' lang='lat' dir='ltr'>significationumque</span> <span class='ocrx_word' id='word_1_250' title='bbox 1282 4210 1470 4291; x_wconf 80' lang='lat' dir='ltr'>declarati03</span> 
     </span>
     <span class='ocr_line' id='line_1_34' title="bbox 467 4324 1471 4411; baseline -0.002 -20"><span class='ocrx_word' id='word_1_251' title='bbox 467 4347 505 4392; x_wconf 90' lang='lat' dir='ltr'>ao</span> <span class='ocrx_word' id='word_1_252' title='bbox 524 4326 723 4411; x_wconf 91' lang='lat' dir='ltr'>postmodum</span> <span class='ocrx_word' id='word_1_253' title='bbox 745 4326 966 4391; x_wconf 86' lang='lat' dir='ltr'>vocabulorum</span> <span class='ocrx_word' id='word_1_254' title='bbox 991 4328 1110 4410; x_wconf 90' lang='lat' dir='ltr'>aliquot</span> <span class='ocrx_word' id='word_1_255' title='bbox 1130 4327 1385 4405; x_wconf 80' lang='lat' dir='ltr'>Chaldaioorum,</span> <span class='ocrx_word' id='word_1_256' title='bbox 1414 4324 1471 4407; x_wconf 85' lang='lat' dir='ltr'>Sy-</span> 
     </span>
     <span class='ocr_line' id='line_1_35' title="bbox 467 4437 1471 4527; baseline -0.005 -21"><span class='ocrx_word' id='word_1_257' title='bbox 467 4443 541 4507; x_wconf 90' lang='lat' dir='ltr'>riae.</span> <span class='ocrx_word' id='word_1_258' title='bbox 558 4442 723 4507; x_wconf 87' lang='lat' dir='ltr'>Rabbinic.</span> <span class='ocrx_word' id='word_1_259' title='bbox 735 4447 766 4506; x_wconf 90' lang='lat' dir='ltr'>et</span> <span class='ocrx_word' id='word_1_260' title='bbox 780 4442 906 4508; x_wconf 86' lang='lat' dir='ltr'>Arabio.</span> <span class='ocrx_word' id='word_1_261' title='bbox 922 4443 972 4507; x_wconf 90' lang='lat' dir='ltr'>vel</span> <span class='ocrx_word' id='word_1_262' title='bbox 987 4444 1027 4508; x_wconf 86' lang='lat' dir='ltr'>ab</span> <span class='ocrx_word' id='word_1_263' title='bbox 1042 4443 1120 4527; x_wconf 92' lang='lat' dir='ltr'>ipsis</span> <span class='ocrx_word' id='word_1_264' title='bbox 1134 4440 1293 4506; x_wconf 85' lang='lat' dir='ltr'>radicibus</span> <span class='ocrx_word' id='word_1_265' title='bbox 1305 4437 1471 4504; x_wconf 88' lang='lat' dir='ltr'>Hebraicis</span> 
     </span>
    </p>
   </div>
   <div class='ocr_carea' id='block_1_3' title="bbox 0 0 1876 5720">
    <p class='ocr_par' dir='ltr' id='par_1_3' title="bbox 0 0 1876 5720">
     <span class='ocr_line' id='line_1_36' title="bbox 0 0 1876 5720; baseline 0 0"><span class='ocrx_word' id='word_1_266' title='bbox 0 0 1876 5720; x_wconf 95' lang='lat' dir='ltr'> </span> 
     </span>
    </p>
   </div>
  </div>
 </body>
</html>
