3728 5726
421 533 507 584 1155
885 511 1166 589 15555555555.

502 679 539 742 15
561 678 621 744 1155
642 699 721 765 5555
738 680 974 746 Trommianum
994 680 1069 747 Iob.
1092 682 1289 765 Gagnier,
1311 682 1504 764 Linguarum
1525 679 1626 744 orien-
1755 751 1760 762 ¹

421 791 532 856 talium
553 792 714 858 Professor
736 793 935 874 Oxouiensis,
957 795 1084 879 scripsit
1105 795 1268 879 ediditque
1289 796 1371 860 hunc
1389 796 1519 861 librum:

542 907 707 974 Vindiciae
731 909 957 974 Kircherianae
987 929 1011 974 5.
1039 909 1339 988 Animadversiones
1366 910 1400 973 in
1424 928 1525 973 novas
1551 908 1619 973 Abr

622 1024 773 1089 Trommii
796 1023 1042 1090 Concordantias
1065 1045 1197 1108 graecas
1223 1025 1377 1092 versionis
1396 1025 1496 1089 LXX.
1526 1023 1618 1089 Oxon

627 1139 709 1202 1718.
732 1137 785 1204 fol.
809 1144 840 1204 et
860 1140 888 1201 8.

557 1357 587 1422 b.
610 1355 861 1422 Concordantiae
883 1357 916 1420 in
937 1357 1062 1425 Novum
1085 1334 1322 1424 Testamentum
1339 1378 1495 1442 graecum.
1611 1402 1614 1407 -

835 1491 861 1552 1.
885 1488 1003 1572 Xysti
1032 1488 1220 1554 Betuleii.

505 1610 657 1694 Xystus
678 1610 894 1675 Betuleius
918 1609 1072 1694 (proprie:
1093 1610 1200 1675 Sixtus
1215 1610 1348 1692 Birken,
1375 1616 1468 1676 natus
1491 1629 1519 1674 a.
1542 1613 1627 1673 15110.

425 1725 573 1791 arceor.
589 1723 1004 1808 AugustaeVindelieorum,
1013 1722 1628 1789 51511115155551155115Β55115555151155-

423 1840 496 1904 lutis
506 1842 583 1903 15311
599 1840 632 1903 15
645 1839 750 1924 551115
759 1839 834 1904 urbe
843 1839 957 1903 Rector
968 1838 1094 1904 scholae
1108 1838 1139 1903 S.
1151 1839 1264 1903 Annae
1279 1845 1309 1903 et
1323 1839 1501 1910 Praefectus
1509 1839 1626 1904 Biblio-

422 1937 534 2020 thecae
542 1954 728 2020 huiusmbis
741 1953 853 2036 dictus,
861 1953 967 2035 ibique
980 1959 1174 2018 5511555551
1186 1973 1215 2017 a.
1226 1956 1302 2016 1554
1317 1953 1347 2018 d.
1360 1955 1403 2018 19.
1411 1954 1496 2034 155.)
1508 1953 1628 2038 primus

423 2075 480 2151 551,
489 2068 837 2152 551055551155115515
846 2066 1626 2151 Ν55551Τ5515515515513155555555155551555-

423 2185 471 2269 pit
483 2191 514 2250 et
528 2183 571 2248 ad
585 2183 679 2248 finem
693 2181 850 2266 perduxit,
864 2180 1028 2247 sedetiam
1041 2180 1150 2245 edidit.
1180 2182 1283 2265 Supra
1297 2180 1364 2245 dixi
1380 2182 1420 2246 de
1433 2181 1627 2245 Euthalio

422 2297 595 2380 Rhodio,
616 2298 670 2380 qui
691 2297 828 2362 omnium
845 2296 964 2380 primus
986 2295 1234 2362 concordantias
1253 2295 1287 2359 in
1308 2300 1374 2359 tota
1386 2295 1493 2360 Biblia
1512 2315 1628 2378 graeca

422 2411 640 2492 concinnavit,
670 2430 751 2493 quac
782 2414 887 2474 autem
922 2429 1082 2491 nunquam
1110 2408 1216 2474 editae
1245 2416 1326 2473 5551.
1381 2409 1471 2474 Alius
1498 2409 1627 2491 quidam

423 2524 577 2591 eiusmodi
600 2544 679 2608 opus
707 2524 740 2588 in
766 2524 891 2588 Novum
918 2524 1156 2588 Testamentum
1181 2542 1330 2605 graecum
1351 2523 1470 2606 incepit
1491 2521 1628 2605 quidem,

416 2639 480 2704 sed
501 2639 609 2703 labore
628 2637 754 2702 territus
775 2657 848 2702 mox
871 2637 975 2702 desiit.
1017 2635 1176 2701 Betuleius
1197 2635 1281 2700 55151
1301 2635 1627 2720 inoperissuiprae-

422 2754 542 2818 fatione
573 2753 615 2817 ad
643 2753 790 2817 lectorem
822 2749 901 2816 haee
935 2757 1056 2814 narrat:
1091 2750 1264 2834 „Coeperat
1291 2749 1454 2834 hocopus
1482 2758 1556 2815 ante
1576 2769 1627 2815 me

423 2867 604 2950 Theologus
635 2865 780 2949 quidam,
811 2865 1014 2929 laudabiliter
1042 2863 1227 2930 admodum:
1263 2863 1319 2928 sed
1348 2865 1475 2930 cumis
1501 2863 1628 2929 modum

383 3059 390 3070 Ι
424 2981 610 3046 conficiendi
631 3001 694 3046 non
714 2985 843 3062 teneret,
865 2981 998 3063 rogabat
1018 2999 1078 3062 me,
1101 2985 1135 3043 ut
1155 2979 1217 3044 sibi
1241 2977 1509 3062 compendiariam
1530 2999 1627 3062 quan-

424 3095 498 3159 dam
526 3096 617 3160 huius
645 3095 748 3179 operis
778 3093 963 3160 conficiendi
991 3093 1144 3158 rationem
1173 3093 1427 3177 praescriberem.
1469 3092 1530 3172 Qui
1557 3113 1628 3158 cum

424 3209 640 3274 difficultatem
657 3201 807 3292 opinione
820 3210 970 3274 maiorem
990 3227 1060 3274 esse
1081 3213 1230 3292 cerneret,
1251 3227 1290 3273 ea
1309 3207 1484 3290 deterritus,
1504 3208 1538 3272 in
1558 3208 1628 3292 ipso

423 3323 532 3389 limine
554 3323 655 3388 labori
676 3324 890 3404 succumbens,
913 3342 992 3406 opus
1012 3323 1110 3386 multo
1132 3322 1364 3388 sanctissimum
1384 3321 1522 3386 nondum
1544 3327 1628 3388 recte

424 3439 620 3519 inchoatum,
654 3444 719 3502 tam
746 3439 878 3522 turpiter
906 3438 1062 3521 deseruit,
1091 3458 1184 3520 quam
1211 3437 1413 3502 laudabiliter
1441 3434 1627 3502 instituerat.

424 3550 516 3630 Quod
537 3572 607 3617 cum
630 3570 690 3634 ego
711 3552 928 3636 intelligerem,
949 3552 1059 3636 putavi
1080 3571 1131 3617 me
1151 3571 1255 3616 515551
1275 3551 1460 3616 talentulum
1481 3571 1544 3616 non
1564 3571 1626 3616 515-
1719 3593 1724 3604 ·

423 3666 485 3730 lius
506 3686 598 3749 posse
618 3668 773 3748 55515115,
795 3687 890 3750 quarn
911 3668 938 3733 si
957 3666 1039 3733 hanc
1059 3687 1162 3732 meam
1180 3667 1409 3751 portiunculam
1431 3666 1473 3730 ad
1493 3687 1627 3731 commu-

424 3799 496 3844 nem
515 3780 724 3845 studiosorum
745 3801 835 3846 usum
849 3781 1032 3847 adferrem.“
1073 3782 1192 3847 Partim
1205 3782 1264 3846 hoc
1277 3801 1362 3864 casu,
1382 3781 1498 3866 partim
1511 3801 1627 3864 magno

423 3893 534 3974 fructu,
558 3915 651 3977 quem
671 3895 790 3960 latinae
813 3896 1063 3964 Concordantiae
1090 3896 1132 3960 ad
1152 3896 1330 3980 theologiae
1358 3895 1496 3960 studium
1518 3896 1626 3960 affere-

425 4009 511 4088 bant,
531 4009 679 4075 incitatus
699 4010 860 4075 Betuleius
880 4011 1045 4076 consilium
1066 4011 1149 4097 cepit
1170 4009 1417 4076 Concordantias
1439 4029 1570 4093 graecas
1592 4011 1625 4074 15

424 4124 549 4188 Novum
574 4125 810 4189 Testamentum
837 4124 1063 4207 concinnandi,
1083 4125 1116 4190 15
1138 4144 1199 4207 quo
1220 4144 1240 4188 5
1260 4125 1336 4190 viris
1357 4125 1473 4208 doctis,
1501 4126 1626 4207 quibus-

424 4258 495 4303 cum
521 4238 581 4302 hoc
602 4239 900 4320 communicaverat,
927 4239 1040 4304 iterum
1059 4241 1234 4321 iterumque
1256 4239 1506 4306 confirmabatur.
1547 4240 1630 4319 Qua-

424 4359 560 4437 propter,
580 4353 653 4417 licet
674 4327 769 4437 saepe
792 4353 832 4418 ad
852 4360 1023 4418 extremum
1043 4355 1204 4438 t'atigatus,
1232 4355 1264 4420 in
1283 4355 1390 4420 labore
1411 4355 1538 4439 incepto
1558 4374 1626 4440 per·

424 4469 581 4534 severavit
610 4488 742 4551 eumque
770 4475 839 4534 octo
867 4488 1019 4532 annorum
1046 4468 1150 4552 spatio
1175 4469 1217 4532 ad
1238 4469 1331 4534 finem
1352 4471 1516 4554 perduxit,
1542 4470 1628 4535 haud
