3728 5726
424 551 522 602 LXXX
884 550 1163 602 PROLEGOMENA.

503 695 596 774 Quod
622 695 664 759 ad
692 696 857 760 verborum
883 695 1026 760 ordinem
1053 697 1182 777 attinet,
1210 695 1390 762 Sohmidius
1410 698 1553 782 singulas
1572 697 1634 764 for-

424 827 492 872 mas
513 809 707 890 quarundam
727 829 838 874 vocum
861 811 1053 894 separavit,¹
1088 830 1114 875 e.
1138 817 1166 875 ol
1186 811 1274 875 verbi
1297 811 1486 876 substantivi
1512 811 1634 877 formae

424 923 490 1001 sipi,
511 917 542 996 εἶ,
564 922 636 996 ἐστί,
661 923 723 996 εἶσί,
747 920 854 1002 ἔσομαι
875 931 933 990 eto.
956 925 1126 989 afferuntur
1148 924 1206 988 sub
1227 925 1332 989 littera
1354 925 1388 998 Ε,
1411 925 1469 990 sed
1489 925 1530 991 ab
1552 927 1635 990 invi-

424 1057 492 1103 cem
520 1039 680 1103 seiunctae
710 1058 736 1102 e.
764 1059 789 1102 e.
816 1038 875 1099 εἶσί
897 1039 979 1102 inter
1003 1036 1173 1120 εἷςὲρχομαι
1201 1045 1232 1104 et
1258 1037 1409 1113 εἷςκαλὲω,
1438 1039 1556 1104 formae
1584 1028 1631 1120 ἦν,

424 1147 504 1234 ἥμην
524 1153 583 1220 sub
602 1155 642 1227 H,
667 1140 700 1226 ai,
724 1141 769 1236 ᾗς,
795 1142 814 1236 ᾗ
837 1159 895 1218 ete.
918 1148 961 1214 ὤν
981 1154 1039 1219 sub
1061 1151 1100 1214 Ω.
1142 1154 1195 1218 Sin
1224 1154 1320 1218 series
1353 1153 1546 1236 singularum
1571 1154 1633 1219 for-

424 1287 544 1332 marum
566 1267 654 1333 vonis
681 1261 775 1338 αὐτός
801 1268 873 1332 aliis
902 1268 1065 1332 vocabulis
1098 1268 1292 1351 interpositis
1312 1268 1531 1351 perrumpitur,
1559 1288 1585 1332 e.
1605 1290 1632 1334 o.

423 1381 531 1446 somus
547 1378 659 1454 αὐτοῖς,
674 1379 779 1453 αὐτοῖς
793 1387 824 1446 et
835 1377 938 1454 αὐτόν,
952 1377 1048 1442 αὐτόν
1060 1383 1264 1465 interpositae
1279 1379 1633 1447 suntvooesathazu-

424 1491 767 1576 κριτοςθῖαύτόματοςς
789 1494 989 1560 itemi'ormae
998 1495 1216 1578 pronominum
1224 1494 1437 1578 personalium
1445 1494 1510 1558 alia
1518 1495 1559 1559 ab
1567 1496 1634 1560 alia

425 1609 517 1692 longe
538 1615 705 1693 separatae
727 1615 814 1689 sunt,
836 1628 862 1674 e.
880 1629 905 1673 o.
928 1609 999 1687 ἐμοί
1013 1615 1084 1692 post
1104 1597 1231 1688 Ἐμμόρ,
1255 1608 1313 1686 μοί
1329 1615 1401 1692 post
1422 1610 1538 1687 μόδιος,
1555 1609 1632 1688 ἐμοῦ

424 1730 497 1807 post
513 1719 594 1802 ἐμός,
613 1726 675 1802 prod
696 1729 767 1806 post
780 1719 915 1802 μόχθος,
938 1719 1028 1802 ἡμᾶς,
1052 1719 1136 1803 ἡμεῖς
1149 1728 1221 1806 post
1239 1707 1323 1803 ἧμαι,
1346 1719 1435 1804 ἡμῶν
1453 1730 1524 1807 posi
1536 1720 1632 1804 ἦμιῶ-

425 1861 498 1919 ριον,
521 1836 593 1918 ἡμῖν
610 1844 682 1921 post
701 1834 857 1917 ἡμιθανής
878 1843 1100 1921 proponuntur.

504 1952 693 2037 Speoiminis
715 1953 814 2016 instar
841 1952 925 2017 idem
949 1953 1072 2016 initium
1094 1973 1132 2016 ex
1154 1952 1213 2016 hoe
1235 1973 1330 2036 opere
1353 1954 1458 2035 affero,
1486 1954 1570 2035 quod
1591 1974 1632 2018 ex

424 2067 545 2132 duobus
569 2066 725 2151 prioribus
745 2065 917 2149 adscripsi:

1002 2184 1046 2244 A.

958 2298 1088 2381 Apoeal.

744 2397 773 2456 1.
817 2397 843 2457 8.

725 2511 772 2684 ὲ·
796 2511 842 2686 Ῐὲ
892 2561 968 2646 Ἐγώ
990 2561 1047 2644 εἶμι
1069 2566 1104 2626 τὸ
1128 2567 1162 2626 Α
1183 2565 1230 2626 καὶ
1252 2566 1287 2626 τὰ
1311 2564 1349 2625 Ω.

724 2740 771 2799 22.
798 2740 841 2800 13.

926 2845 1127 2912 ἈΑΡΩἪ.

986 2964 1061 3028 Lue.

747 3083 771 3141 1.
814 3084 840 3142 5.
883 3077 1066 3162 θυγατέρων
1088 3073 1208 3160 Ἀαρών
1302 3152 1304 3156 .

988 3209 1058 3273 Aet.

743 3329 770 3387 7.
792 3328 841 3387 40.
883 3319 1013 3394 εἰπόντες
1039 3325 1085 3407 τῷ
1108 3319 1230 3404 Ἀαρών

948 3435 949 3438 ¹
977 3456 1072 3520 Hebr.

619 3635 623 3642 ,
741 3575 769 3634 5.
811 3575 840 3632 4.
882 3551 1021 3651 κάθάπερ
1042 3570 1089 3630 καὶ
1113 3565 1268 3651 ὁἈαρῶν

742 3690 768 3747 7.
796 3691 839 3748 ΙΙ.
880 3686 957 3746 κατὰ
979 3685 1034 3765 τὴν
1053 3681 1139 3758 τάξιν
1162 3680 1283 3766 Ἀαρών

743 3804 770 3862 9.
795 3804 841 3862 «4.
882 3799 930 3861 καὶ
953 3797 972 3879 ἡ
994 3795 1111 3882 ῥάβδος
1131 3795 1252 3880 Ἀαρών
1358 3770 1364 3781 ⁸

500 3935 551 4019 Ex
571 3933 621 3999 his
643 3933 770 4016 quidem
792 3932 987 4015 intelligitur,
1007 3931 1040 3994 in'
1064 3929 1323 4012 Schmidiiopere
1337 3930 1524 4012 multa‘esse,
1546 3949 1628 4011 quae
1717 3903 1720 3908 ¹

421 4049 640 4115 emendatione
661 4047 792 4130 eg'eant;
820 4053 959 4110 attamen
980 4045 1034 4110 illo
1055 4051 1195 4127 tempore
1216 4050 1491 4146 tantameamque
1513 4045 1628 4108 iustam

421 4164 542 4228 invenit
561 4161 830 4249 approbationem,
859 4166 892 4224 ut
913 4159 1066 4251 Ernest.
1097 4159 1238 4224 Salem.
1268 4159 1496 4250 Cyprianus
1522 4161 1628 4238 (natus

421 4298 449 4343 a.
476 4280 560 4342 1673.
588 4279 635 4340 22.
658 4277 744 4360 Sept.
774 4275 964 4356 Osthemiae,
983 4272 1058 4339 inde
1079 4274 1120 4339 ab
1139 4293 1168 4338 a.
1194 4277 1277 4353 1700.
1299 4272 1444 4337 Direetor
1464 4277 1496 4338 et
1516 4272 1626 4336 Theoi.

426 4391 723 4407 ——-.-——l-

466 4475 472 4506 ¹
494 4471 578 4528 Idem
598 4469 708 4546 ubique
730 4465 802 4526 feeit
823 4467 988 4524 seberus
1010 4463 1041 4522 in
1064 4463 1240 4522 Indicumue
1262 4461 1426 4522 Homerico.
