3728 5726
695 555 975 609 rnonnoounun.
1131 537 1138 548 ‘
1171 571 1175 579 ·
1327 551 1470 604 nxxnr·

244 704 318 768 novi
339 699 486 786 editione,
508 705 597 768 cuius
618 701 754 786 margini
775 702 984 768 difficiliorum
996 721 1109 767 vocum
1121 709 1216 785 atque
1227 689 1376 780 loquendi
1392 718 1445 781 ge-

245 838 351 882 nerum
372 818 585 901 expositiones
607 817 772 901 adscripsi.
815 817 989 897 Caeterum,
1009 817 1063 881 ubi
1077 816 1287 901 pluresunius
1300 813 1446 890 vocabuli

246 931 468 1016 proponendae
486 932 611 997 riserunt
633 932 897 1014 significationes,
924 931 1003 996 haec
1031 929 1289 1014 quamplurimis
1315 930 1348 991 in
1371 928 1448 992 locis

247 1046 391 1111 adhibita
409 1047 512 1112 cautio
533 1047 601 1127 fuit,
622 1053 656 1111 ut
676 1067 758 1129 quae
779 1046 972 1129 frequentius
990 1045 1036 1111 ibi
1050 1045 1190 1110 occurrit
1214 1047 1324 1127 (saepe
1344 1047 1447 1106 autern

246 1160 357 1225 cadem
382 1167 415 1226 et
442 1161 530 1244 apud
557 1161 706 1245 prot'anos
734 1161 901 1245 scriptores
928 1165 977 1224 est
1004 1159 1161 1240 usitatior)
1188 1158 1238 1223 vel
1259 1157 1359 1243 prior,
1387 1157 1449 1237 vel,

245 1275 300 1339 ubi
320 1275 424 1358 plures
445 1281 517 1339 sunt
538 1274 672 1356 duabus,
692 1275 794 1359 prima
815 1281 997 1340 occurreret.
1038 1273 1088 1341 Ob
1106 1273 1247 1338 adiectas
1271 1291 1363 1356 porro
1388 1271 1447 1334 La-

246 1389 329 1453 tinas
357 1389 429 1454 illas
459 1389 750 1473 interpretationes,
779 1389 889 1455 merito
915 1389 986 1472 quis
1005 1409 1068 1454 non
1094 1389 1233 1454 Graecas
1251 1391 1373 1450 tantum
1392 1383 1468 1466 sed¹

246 1503 485 1569 Graecolatinas
505 1503 623 1568 habere
645 1523 678 1568 se
700 1503 814 1568 hocin
835 1503 915 1568 libro
936 1502 1183 1568 Concordantias
1202 1499 1348 1566 dixerit.“

326 1618 388 1696 Qui
405 1617 463 1684 has
474 1618 722 1684 Concordantias
741 1639 812 1683 cum
834 1617 1029 1682 Betuleianis
1048 1616 1177 1697 confert,
1196 1615 1337 1680 inveniet
1356 1614 1449 1678 inter·
1479 1643 1484 1651 ·

245 1732 319 1797 dum
339 1739 491 1798 mutatum
511 1733 662 1810 ordinem,
682 1752 709 1798 e.
731 1753 757 1798 c.
779 1729 976 1813 α’γαθοεργέον
1004 1751 1024 1794 a
1044 1730 1186 1796 Beurleio
1215 1729 1386 1795 secundum
1406 1728 1449 1791 al-

245 1847 340 1931 phab.
364 1848 476 1912 seriem
496 1848 639 1931 proximo
660 1853 732 1931 post
747 1841 894 1928 Ἄγαβος,
924 1846 958 1909 in
980 1845 1088 1929 Steph.
1109 1863 1205 1929 opere
1232 1850 1304 1927 post
1329 1837 1451 1923 ἀγαθός

247 1961 511 2042 affertur3'voces
532 1982 553 2025 a
573 1962 716 2027 Betuleio
739 1963 872 2027 omissas
892 1962 924 2025 in
947 1961 1055 2044 Steph.
1077 1979 1172 2044 opere
1194 1957 1321 2022 additas
1342 1962 1376 2021 ut
1395 1977 1445 2020 no-

246 2097 317 2142 men
334 2073 495 2156 Ἀβιλνγνής
520 2096 674 2161 persaepe
693 2077 830 2142 locorum
852 2097 873 2140 a
892 2075 1035 2142 Betuleio
1056 2075 1220 2138 allatorum
1237 2091 1399 2136 nnmerum
1417 2070 1450 2134 in
1570 2131 1575 2142 ,

247 2191 354 2274 Steph.
384 2211 479 2273 opere
506 2196 648 2273 auctum,
679 2190 866 2278 cuiusmodi¹
880 2190 1026 2273 exempla
1052 2189 1115 2253 ianr
1147 2207 1243 2271 supra
1268 2180 1459 2266 memoravi,¹

115 2377 120 2387 ,
247 2305 361 2387 quibus
380 2325 464 2370 nnnc
483 2304 566 2370 addo
588 2299 735 2382 ἄβυσσος,
757 2305 812 2369 ubi
831 2304 899 2368 Bet.
920 2307 939 2366 6
960 2305 1054 2386 locos,
1075 2302 1182 2386 Steph.
1204 2296 1450 2380 anahem-ayan-

249 2419 345 2492 λιάσνς
364 2421 434 2485 Bet.
456 2424 490 2502 4,
519 2420 627 2504 Steph.
652 2423 686 2501 ἢ
718 2425 751 2483 at
778 2419 968 2483 contrarium
989 2418 1087 2483 etiam
1115 2415 1265 2497 occurrit,
1292 2434 1366 2478 nam
1392 2415 1450 2478 sub

248 2554 325 2599 voce
351 2530 542 2615 ἀγαθωσύνη
568 2533 665 2615 (quod
685 2534 845 2599 Betuleius
874 2534 954 2598 falso
980 2527 1162 2613 ἀγαθοούνγ
1185 2529 1323 2613 scripsit)
1358 2528 1450 2592 Betu-

248 2649 327 2713 leius
347 2652 366 2710 4
384 2648 470 2713 locos
490 2649 594 2729 affert,
614 2648 793 2732 Stephanus
813 2654 935 2713 tantum
954 2649 982 2729 3,
1004 2647 1119 2712 omisso
1139 2645 1210 2709 loco
1230 2643 1347 2729 Ephes.
1366 2646 1395 2723 5,
1416 2644 1451 2724 93

249 2762 324 2827 item
366 2762 425 2827 sub
472 2781 553 2828 voce¹
597 2757 769 2843 ἅγανακτέον
806 2761 967 2826 Betuleius
1009 2760 1105 2825 habet
1134 2763 1162 2841 7,
1211 2757 1391 2840 Stephanus
1424 2759 1453 2837 6,

249 2875 353 2942 omisit
374 2875 459 2940 enirn
480 2875 658 2958 Martum,
681 2880 726 2938 15.
763 2877 930 2940 Praeterea
952 2894 1046 2940 voces
1067 2872 1239 2955 quaedam,
1261 2891 1340 2954 qnas
1361 2871 1453 2934 Betu-

247 2991 328 3056 leius
346 2997 430 3056 recte
450 3010 568 3073 suoque
589 2992 658 3056 loco
680 2992 779 3075 affert,
808 2992 841 3055 in
866 2991 974 3074 Steph.
996 3008 1091 3074 opere
1117 3007 1187 3052 curn
1209 2986 1282 3050 aliis
1303 2984 1452 3050 confusae

249 3112 335 3182 sunt,
363 3125 390 3170 e.
412 3126 438 3171 c.
461 3103 560 3187 ἁγνεία
587 3106 718 3170 castitas
745 3126 816 3170 oum
841 3105 962 3169 duobus
994 3104 1071 3168 locis
1094 3107 1125 3166 et
1146 3096 1251 3182 ἄγνοια
1272 3099 1454 3182 ignorantia

250 3239 320 3284 cum
340 3223 359 3282 4
384 3220 461 3286 locis
482 3241 503 3284 a
523 3221 665 3285 Betuleio
689 3226 773 3297 recte
795 3220 859 3285 suis
878 3219 956 3284 locis
976 3218 1162 3297 afferuntur,
1181 3216 1214 3279 in
1229 3214 1337 3298 Steph.
1357 3232 1452 3296 opere

248 3334 334 3418 prior
349 3335 466 3400 omissa
486 3335 694 3417 est,.einsqne
721 3335 783 3399 duo
808 3333 868 3398 loci
891 3333 972 3398 salso
995 3332 1053 3396 sub
1075 3350 1152 3396 voce
1174 3323 1295 3409 ἄγνοια,
1319 3346 1452 3409 quacum

250 3449 307 3513 illa
327 3449 458 3514 confusa
480 3456 543 3530 est,
567 3450 752 3532 allegantur.

331 3564 381 3628 Ab
403 3562 463 3628 hoo
480 3564 624 3648 exemplo
640 3570 765 3628 transeo
786 3562 828 3626 ad
848 3582 896 3643 ea,
918 3580 999 3645 quae
1019 3559 1209 3624 Erasmus
1226 3554 1456 3622 Schmidius

250 3679 283 3741 in
305 3678 501 3761 praefatione
527 3679 632 3762 operis
659 3678 742 3742 inira
769 3675 953 3742 recensendi
987 3674 1123 3756 castigat
1152 3672 1203 3737 his
1226 3671 1346 3736 verbis:
1389 3670 1457 3751 „At

251 3811 313 3873 quo
333 3791 436 3855 minus
457 3790 600 3872 credam,
622 3791 791 3855 Henricum
806 3789 1011 3872 Stephanum,
1022 3788 1129 3852 ‘virum
1143 3787 1222 3851 citra
1239 3805 1363 3850 omnem
1383 3805 1454 3849 oon·
1531 3853 1534 3856 ,

250 3905 434 3971 troversiam
456 3905 686 3986 doctissimum,
714 3924 772 3968 sua
791 3924 896 3985 mann,
918 3904 1107 3987 propriaque
1128 3903 1225 3985 operat
1244 3901 1347 3986 ¹hasce
1375 3899 1455 3964 Con-

251 4019 431 4085 cordantias
451 4021 665 4099 concinnasse,
685 4037 802 4084 causae
825 4037 875 4082 me
895 4023 1022 4082 movent
1042 4037 1105 4081 non
1124 4018 1225 4082 leves:

321 4135 346 4198 Ι.
358 4133 511 4216 Imperita
530 4125 696 4198 multorum
717 4133 875 4197 similium·
887 4131 1108 4198 vocabulorum
1129 4129 1278 4196 confusio.

309 4249 349 4313 Π.
363 4247 538 4331 Negligens
561 4254 608 4312 tot
628 4268 750 4326 vocum,
778 4253 810 4311 et
830 4245 871 4310 ad
894 4266 951 4311 eas
968 4245 1110 4328 singulas
1132 4244 1355 4330 pertinentium
1374 4243 1455 4308 loco-

401 4382 469 4427 rum
489 4362 631 4439 omissio,
660 4363 693 4426 in
724 4361 834 4446 paucis
855 4367 961 4425 tamen
989 4359 1032 4423 ad
1052 4359 1326 4425 inconvenientem
1347 4376 1457 4422 vocem

399 4475 520 4542 relatio.
