3728 5726
406 546 495 599 LVIII
862 547 1144 600 PROLEGOMENA.

484 693 530 758 Le
542 693 633 776 Long
646 693 665 757 l.
681 694 700 757 l.
713 713 744 778 p.
760 696 828 758 456.
854 694 936 760 inter
952 694 1201 761 concordantias
1221 715 1354 778 graecas
1375 701 1526 761 memorat
1546 696 1605 761 has

406 825 530 889 quoque
553 806 596 871 ad
616 807 692 872 illas
707 807 898 873 Kircheri
918 808 1054 892 quodam
1075 809 1168 875 modo
1189 816 1383 895 spectantes:

425 961 427 968 ι
525 921 672 1006 Epitome
685 921 986 988 Concordantiarum
1001 924 1191 989 Graecarum
1204 924 1358 1007 Kircheri,
1372 925 1413 990 ab
1429 925 1605 991 Arncldc

606 1037 751 1102 Bcotio
769 1036 920 1104 confecta.
964 1038 1050 1102 Bibl.
1074 1039 1270 1124 Sopaera'ona
1286 1063 1365 1125 pop.
1380 1042 1428 1102 37.

527 1150 777 1217 concordantiae
799 1152 941 1219 Graecae
962 1153 1085 1219 Veteris
1105 1154 1190 1218 Test.
1212 1153 1377 1221 Hebraicis
1405 1153 1536 1220 vocibus
1560 1175 1605 1220 re-

606 1266 806 1351 spondentes,
830 1267 898 1332 1111
920 1266 1056 1334 Conradi
1074 1267 1219 1334 Kircheri
1234 1268 1484 1334 Concordantiae
1505 1269 1606 1333 inver-

604 1399 674 1462 sae,
695 1381 714 1441 2
734 1379 807 1444 voll.
828 1380 880 1445 fol.
924 1380 1074 1446 Biblrbtb.
1098 1380 1278 1445 Bodleiano
1299 1382 1580 1446 celidonis-47.

527 1494 776 1560 Concordantiae
804 1494 953 1560 librorum
976 1495 1099 1560 Veteris
1124 1496 1319 1562 Testamenti
1348 1497 1606 1581 Apooryplrorum

607 1609 913 1691 Graeco-Danicae,
964 1609 1181 1675 Kircherianis
1219 1609 1437 1694 perfectiores,
1481 1617 1608 1676 auctore

606 1723 826 1788 Francisoc
847 1725 1038 1790 Michadle
1052 1725 1226 1809 Vogelio‚
1245 1725 1277 1788 in
1293 1726 1327 1787 8⁰
1341 1723 1479 1790 nondum
1492 1724 1607 1790 editae.

608 1840 702 1901 Novo
723 1839 885 1908 Lt'terurn'a
906 1838 1009 1902 Maris
1026 1838 1172 1903 Balaleisa·
1188 1843 1271 1904 ancti
1290 1842 1365 1903 1699
1382 1865 1457 1927 pap.
1479 1842 1548 1904 210.

763 2059 791 2120 2.
813 2055 1029 2123 Abrahami
1056 2058 1257 2123 Trommii.

488 2191 739 2256 Abrahamus
760 2191 913 2254 Tromm
939 2191 1045 2269 (natus
1069 2191 1203 2254 a.1633.
1232 2191 1280 2254 23.
1302 2192 1382 2273 Aug.
1416 2190 1608 2272 (impingas,

408 2305 522 2372 studiis
555 2305 746 2371 academicis
780 2303 933 2370 absolutis
963 2304 996 2368 in
1024 2304 1202 2370 Helvetiam
1229 2304 1387 2388 proiectus
1413 2304 1560 2369 Basileae
1587 2324 1609 2368 a

407 2420 566 2486 Buxtorfio
599 2421 709 2503 lingua
740 2419 889 2484 hebraica
915 2419 1077 2485 institutus
1110 2423 1175 2501 est,
1214 2426 1326 2503 postea
1357 2419 1398 2483 ab
1433 2419 1545 2484 itinere
1575 2419 1608 2482 in

408 2536 546 2601 Galliam
573 2541 604 2600 et
625 2534 774 2618 Angliam
801 2533 884 2600 t'aoto
913 2553 1057 2600 reversus
1085 2536 1223 2598 11671.
1271 2533 1429 2599 Parochus
1457 2533 1609 2599 ecclesiae

409 2649 634 2732 Groninganae
657 2658 688 2713 et
712 2652 794 2712 1717.
817 2649 872 2713 Dr.
891 2648 1000 2714 Theol.
1021 2655 1228 2732 nuncupatus,
1255 2669 1283 2712 a.
1312 2650 1394 2712 1719.
1415 2647 1445 2712 d.
1467 2650 1515 2711 29.
1531 2647 1609 2712 Maii

408 2770 547 2829 mortuus
571 2766 647 2846 est),
674 2769 841 2847 postquam
861 2761 1109 2828 Concordantias
1128 2762 1275 2845 Belgicae
1302 2763 1335 2826 in
1357 2782 1446 2827 usum
1467 2762 1608 2845 Belgica

410 2899 478 2943 rum
499 2878 711 2943 Ecclesiarrrm
732 2877 773 2941 ab
796 2878 865 2961 ipso
887 2877 1064 2942 elaboratas
1086 2877 1205 2961 publici
1226 2877 1303 2942 iuris
1322 2876 1449 2957 fecerat,
1470 2876 1608 2940 animum

410 2992 535 3058 induxit
554 2991 596 3057 ad
619 2990 866 3058 concordantias
885 3011 1018 3074 graecas
1046 2991 1080 3055 in
1100 2991 1223 3056 Veteris
1243 2991 1439 3056 Testamenti
1461 3011 1609 3074 graecam

409 3109 585 3174 versionem
612 3107 702 3172 LXX
721 3108 929 3190 interpretum
958 3104 1209 3186 concinnandas,
1237 3111 1323 3171 ratus
1351 3105 1504 3170 eiusmodi
1533 3105 1609 3170 viris

410 3222 511 3288 doctis
538 3223 653 3304 ubique
680 3229 832 3287 terrarum
864 3221 898 3285 in
923 3219 1081 3285 volvenda
1106 3219 1352 3303 meditandaque
1379 3221 1443 3284 ista
1466 3220 1610 3285 versione

410 3337 494 3403 haud
508 3337 622 3420 exiguo
633 3337 703 3402 usui
717 3337 869 3418 l'uturum;
890 3356 964 3400 nam
980 3333 1296 3419 praeterquamquod
1315 3334 1399 3399 illius
1411 3334 1611 3399 Kircheriani

410 3453 515 3537 operis
528 3453 682 3536 impressa
695 3451 769 3517 olim
787 3450 932 3534 exempla
948 3448 1065 3515 dudum
1077 3449 1267 3514 defecissent
1278 3469 1336 3514 nec
1349 3469 1488 3531 unquam
1499 3469 1609 3514 recusa

411 3573 530 3649 essent,
551 3566 749 3632 intellexerat
769 3546 891 3648 quosue
911 3563 990 3630 illud
1010 3584 1089 3648 opus
1111 3583 1213 3647 neque
1234 3585 1272 3630 eo
1293 3565 1412 3646 ordine,
1433 3584 1494 3646 quo
1514 3563 1608 3629 debu-

409 3689 486 3763 erat,
506 3681 682 3746 institutum
702 3700 781 3761 esse,
800 3699 901 3762 neque
922 3699 961 3745 ea
982 3699 1066 3763 cura,
1088 3699 1151 3760 qua
1167 3684 1320 3763 potuerat,
1341 3678 1506 3742 formatum
1520 3678 1609 3742 lima

410 3804 537 3879 tumque
557 3793 661 3860 luisse.
703 3795 789 3873 Quos
808 3814 883 3860 vero
900 3794 1041 3860 defectus
1062 3813 1242 3876 naevosque
1266 3793 1299 3856 in
1321 3811 1360 3856 11
1381 3791 1609 3859 animadverte-

410 3912 460 3994 rit,
481 3910 656 3975 accuratius
676 3910 708 3973 in
727 3909 923 3993 praefatione
942 3910 990 3976 sui
1011 3910 1116 3994 operis
1134 3909 1288 3993 exposuit.
1336 3906 1415 3969 Tra
1427 3912 1508 3988 sunt,
1528 3926 1611 3989 qnae

412 4026 445 4090 in
469 4025 523 4090 illo
545 4024 672 4090 omnino
694 4022 892 4089 reformanda
914 4043 983 4090 esse
1004 4024 1143 4107 putavit:
1373 4095 1375 4099 ,

529 4141 669 4225 prz'rozoo
688 4137 767 4203 illud
783 4145 839 4221 est,
860 4138 944 4220 quod
960 4144 1070 4204 auctor
1087 4138 1122 4202 in
1138 4137 1198 4203 hoe
1208 4156 1303 4221 opere
1320 4136 1489 4200 secundum
1503 4135 1611 4220 alpha-

612 4253 905 4344 beturnbebros'cum
918 4253 1081 4337 procedat,
1104 4271 1174 4318 cum
1194 4258 1300 4317 tamen
1318 4250 1430 4314 tr'talas
1449 4250 1555 4334 operis
1570 4250 1612 4315 sit

616 4369 867 4434 Concordoatiac
889 4367 1048 4449 Grocooe;

533 4484 666 4550 alterum
695 4485 728 4551 in
762 4503 800 4550 eo
833 4481 990 4566 consistit,
1024 4479 1108 4566 quod
1134 4479 1176 4546 ab
1202 4481 1273 4568 ipso
1300 4484 1346 4546 tot
1370 4502 1522 4567 perversa
1543 4477 1612 4544 loca
