3728 5726
395 523 471 578 LXII
835 519 1117 578 Paoaaootsssrtt.

394 671 523 750 tionum,
543 688 625 753 quae
644 669 687 734 ad
708 670 871 755 exemplar
892 669 1079 734 Vaticanum
1099 686 1234 734 excusae
1256 668 1333 750 siut,
1355 667 1601 755 discrepantiam

394 785 532 849 maxime
545 785 578 848 in
592 803 738 850 versuum
752 783 987 850 enumeratione
1001 782 1181 867 perspiciat.
1201 783 1343 866 Paginae
1353 783 1600 866 lv—XXXVI,

394 899 568 981 inquibus
595 898 674 966 haec
702 898 828 964 collatio
854 899 1055 982 proponitur,
1090 899 1124 964 in
1150 904 1256 964 ternas
1284 897 1445 964 columnas
1475 896 1600 964 divisae

394 1017 497 1078 sunt¹

473 1129 511 1192 ln
540 1128 596 1193 illa
623 1127 761 1194 editione
787 1129 1041 1195 Francoiurtensi
1075 1131 1133 1196 sub
1165 1151 1289 1214 quaque
1322 1131 1442 1216 pagiua
1475 1128 1600 1194 adiecta

393 1247 466 1308 sunt
485 1241 622 1322 Scholia,
644 1262 683 1309 ex
704 1243 817 1326 quibus
839 1243 903 1307 iam
924 1243 1094 1310 Kircherus
1108 1247 1217 1310 vara'oa
1239 1247 1512 1330 ahtcrpnctotchttec
1532 1243 1599 1326 plu-

394 1356 542 1420 rimarum
562 1376 673 1422 vocum
694 1355 878 1442 desumpsit.
918 1357 986 1422 Has
998 1358 1175 1424 Trommius
1194 1378 1257 1422 non
1277 1357 1370 1424 modo
1383 1358 1520 1441 retinuit,
1542 1357 1600 1424 sed

394 1471 490 1536 etiam
511 1469 686 1555 complures
708 1471 789 1536 alias
811 1471 852 1536 ab
874 1471 928 1537 illo
949 1473 1136 1556 praeteritas
1158 1493 1198 1538 eu
1220 1473 1290 1539 istis
1308 1473 1436 1538 scholiis
1455 1473 1488 1537 in
1508 1492 1599 1538 suum

393 1605 473 1670 opus
498 1584 666 1651 transtulit

473 1700 701 1763 Additamento
725 1724 764 1763 em
786 1700 879 1764 libris
898 1701 1117 1787 Apomypltch,
1138 1722 1220 1786 quae
1240 1703 1411 1769 Kircherus
1430 1702 1601 1785 eollegerat

393 1835 432 1880 ac
455 1813 558 1880 ludici
579 1815 720 1899 inseruit,
741 1835 762 1880 a
782 1816 940 1881 Trommio
962 1823 1084 1884 retenta
1112 1824 1199 1900 sunt,
1228 1817 1361 1901 ideoque
1383 1818 1415 1882 in
1439 1823 1504 1882 toto
1531 1817 1599 1883 eius

393 1949 488 2015 opere
510 1950 762 2013 quaquaversum
782 1930 927 2015 dispersa
953 1933 1011 1998 sub
1032 1931 1124 1998 titulo
1138 1933 1247 1996 Addit.
1269 1957 1308 1995 ac
1327 1932 1379 1996 lib.
1397 1953 1502 2017 apocr.
1517 1951 1597 1996 com-

314 2033 317 2042 ⁴
393 2051 515 2128 parent.
555 2045 605 2112 De
627 2045 677 2110 his
701 2066 777 2111 vero
804 2047 1016 2131 praemonuit,
1042 2047 1075 2112 in
1102 2053 1233 2132 utroque
1261 2066 1356 2132 opere
1376 2067 1438 2111 non
1459 2046 1599 2129 integros

392 2179 562 2243 omnesque
583 2160 681 2226 libros
701 2161 899 2247 apocryphos
920 2162 953 2226 in
975 2161 1223 2228 Concordantias
1244 2162 1377 2244 relatos,
1408 2161 1465 2227 sed
1485 2161 1598 2226 solum-

392 2273 485 2339 modo
506 2275 682 2360 specimina
701 2273 858 2358 quaedam
877 2295 917 2340 ex
939 2275 979 2340 iis
999 2295 1069 2342 esse
1091 2276 1237 2344 adducta.

471 2389 616 2452 Nomina
630 2391 768 2475 propra'a
789 2409 849 2454 neo
868 2388 1038 2454 Kiroherus
1059 2409 1117 2456 uec
1145 2391 1323 2456 Trommius
1344 2391 1377 2454 in
1400 2388 1598 2456 concordan-

393 2502 447 2567 tiis
475 2509 655 2586 posuerunt.
714 2504 847 2568 Voculae
875 2504 1131 2586 c'adeclc‘nabt'lea,
1164 2504 1309 2589 inprimis
1337 2503 1597 2588 Praepocz‘tchaoo

393 2622 425 2681 et
454 2617 696 2682 Coniunctabcea
716 2618 834 2702 passim
861 2618 903 2684 ab
925 2623 1056 2701 utroque
1083 2618 1202 2703 pariter
1229 2619 1365 2684 omissae
1386 2622 1468 2683 sunt.
1508 2615 1597 2681 Idem

392 2728 560 2803 dicendum
600 2737 650 2796 est
682 2730 722 2798 de
755 2730 1019 2810 Procomrio'dcr,
1061 2751 1251 2815 quamquam
1284 2738 1389 2798 tamen
1426 2729 1597 2813 aliquando

392 2845 571 2911 afferuntur.

471 2960 521 3024 Ex
542 2960 714 3044 specimine
733 2980 818 3026 nuno
838 2961 1017 3026 exhibendo
1040 2961 1137 3031 lector
1159 2965 1342 3046 cognoscet,
1369 2961 1429 3026 hoo
1449 2980 1530 3046 opus
1549 2981 1596 3028 se

392 3073 528 3140 cundum
555 3093 649 3140 voees
677 3094 808 3158 graecas
832 3074 942 3140 ordine
963 3075 1164 3160 alphabetico
1188 3075 1366 3161 propositas
1391 3076 1437 3140 ita
1458 3095 1529 3142 esse
1549 3077 1596 3141 di-

391 3195 529 3272 gestum,
560 3194 595 3254 ut
621 3189 680 3256 sub
706 3209 831 3272 quaque
852 3209 929 3256 voce
952 3191 1043 3254 varia
1063 3190 1218 3256 voeabula
1237 3190 1514 3273 hebr·aica,.quae
1540 3191 1597 3256 illo

391 3305 507 3386 graecia
526 3323 604 3369 voce
621 3305 774 3370 translata
794 3310 881 3388 sunt,
901 3305 955 3370 ubi
976 3305 1067 3390 plura
1086 3311 1168 3388 sunt,
1189 3304 1390 3388 alphabetico
1408 3323 1465 3370 suo
1486 3305 1596 3372 ordine

391 3418 547 3502 disposita
567 3424 599 3482 et
618 3420 755 3486 numeris
774 3420 901 3504 signata
922 3419 1104 3501 referantur,
1124 3420 1239 3503 quibus
1261 3419 1294 3484 iu
1315 3417 1376 3483 fine
1391 3420 1521 3484 seorsim
1533 3420 1593 3485 loci

391 3552 431 3597 ex
453 3532 543 3598 libris
563 3533 754 3618 apocryphis
776 3553 872 3618 saepe
891 3533 1058 3600 adduntur.

470 3647 539 3712 Hae
562 3646 811 3714 Concordantiae
832 3649 878 3715 sic
898 3649 1094 3734 incipiunt:²

586 3757 809 3839 Ἀβασίλευτος.
851 3763 980 3846 Absque
1001 3783 1085 3848 rege,
1106 3783 1216 3830 carens
1237 3782 1311 3847 rege

770 3878 830 3961 ilbi
857 3863 945 3974 ⁸:122
985 3901 1048 3942 mort
1070 3883 1119 3944 est
1139 3902 1204 3942 rem.

389 3988 480 4053 Prov.
492 3988 540 4051 30.
551 3989 600 4051 27.
642 3983 844 4066 ἀβασίλευτόν
868 3987 949 4052 ἔστιν
969 3987 989 4071 ἡ
1008 3985 1101 4072 dapis,
1120 3989 1168 4051 καὶ
1184 3989 1378 4073 ἓκστρατεύει.

396 4106 695 4128 --—--·—r

434 4168 442 4200 ¹
464 4165 529 4222 Hoc
543 4183 617 4239 opus
631 4163 847 4223 Trommiauum
859 4164 890 4222 in
904 4163 1088 4224 Bibliotheca
1103 4165 1277 4224 Academico
1294 4166 1417 4224 Haleasi
1430 4172 1461 4224 et
1474 4166 1505 4224 iu
1521 4165 1594 4226 meis

315 4328 322 4339 Ι
388 4261 473 4320 libris
492 4265 546 4320 est.
831 4321 838 4331 ,

431 4361 444 4393 ²
464 4359 575 4417 Ternas
596 4357 711 4420 litteras
732 4357 872 4427 initiales,
894 4358 1002 4436 quihus
1024 4359 1098 4418 haec
1118 4358 1212 4435 prima
1229 4358 1364 4418 columna
1381 4360 1523 4437 inscripta
1539 4365 1593 4435 est,

388 4457 447 4516 iam
468 4476 557 4532 supra
577 4476 605 4534 p.
618 4468 667 4519 Lx
690 4457 853 4517 memoravi.
