3738 5720
737 526 1017 580 PROLEGOMENA.
1369 525 1483 576 XXXIX

282 672 400 753 Theol„
424 693 451 736 a.
469 673 554 736 1768.
577 674 710 739 nabun.
734 672 778 737 ibi
801 676 976 754 mortuus)¹
1002 673 1140 756 suscepit
1161 672 1481 738 Concordantia-

280 807 361 850 rum
382 787 412 850 N
419 786 675 851 oldianarum
703 807 782 870 opus
811 786 913 852 denuo
944 787 1036 852 edere
1059 786 1293 895 accessionibus
1314 786 1413 850 variis
1434 786 1481 849 in-

278 905 436 965 structum.
495 902 636 965 Primum
664 907 818 966 statuerat
845 901 959 966 Andr.
989 902 1098 966 Conr.
1123 903 1369 982 Wernerum,
1408 906 1482 965 tunc

279 1015 447 1080 orientales
468 1016 590 1080 litteras
601 1017 697 1080 Ionae
711 1015 886 1098 docentem,
909 1017 970 1081 sibi
993 1016 1085 1080 huius
1103 1016 1221 1080 laboris
1233 1016 1352 1080 socium
1368 1014 1478 1079 adiun-

279 1149 362 1212 gere,
385 1135 419 1194 ut
441 1150 478 1194 eo
501 1131 594 1196 citius
615 1151 678 1195 non
701 1131 800 1196 solum
822 1132 883 1196 hoc
905 1152 983 1215 opus
1005 1131 1046 1196 ad
1066 1130 1249 1196 umbilicum
1266 1129 1405 1214 perduci,
1426 1127 1483 1193 scd

280 1245 376 1308 etiam
397 1265 498 1309 novae
519 1245 800 1310 Pronominum
823 1267 866 1310 ac
887 1247 1149 1330 Propriorum
1166 1245 1378 1310 Nominum
1400 1243 1482 1309 sacri

279 1358 396 1423 codicis
423 1359 733 1424 hebraeo-chaldaei
763 1359 1088 1425 Concordantiae
1119 1360 1225 1423 iuncto
1253 1357 1358 1424 studio
1385 1363 1479 1440 atque

278 1493 375 1556 opera
394 1474 532 1558 ipsorum
558 1474 676 1558 publici
698 1475 775 1540 iuris
803 1474 870 1539 fieri
898 1480 1036 1558 possent.
1078 1475 1291 1539 Decreverant
1315 1473 1399 1537 enirn
1420 1472 1480 1538 hoc

277 1587 492 1652 additamento
512 1588 640 1653 tandem
663 1589 811 1672 perficere
832 1609 944 1654 vocum
967 1589 1105 1654 omnium
1125 1588 1313 1654 biblicarum
1329 1588 1479 1653 hebraeo-

277 1700 510 1765 chaldaicarum
546 1700 688 1765 iudicem
718 1700 996 1766 absolutissimum.
1059 1701 1151 1779 Quod
1179 1701 1373 1785 propositum
1398 1700 1478 1764 Ioh.

276 1814 392 1878 Andr.
419 1815 613 1896 Bantius,
649 1816 740 1897 Ling.
768 1817 910 1881 oriental.
941 1823 972 1881 et
1000 1816 1108 1881 Theol.
1136 1817 1218 1880 Prot'.
1247 1817 1388 1896 lenens,
1414 1835 1479 1879 non

277 1928 369 1994 modo
397 1930 564 2012 laudabat,
595 1929 652 1994 scd
680 1931 775 1994 etiarn
805 1932 917 2012 quavis
944 1951 1004 2014 ope
1033 1932 1141 1995 iuvare
1172 1930 1383 2014 promittebat.
1426 1929 1479 1994 Sic

278 2043 445 2108 destinatis
466 2046 558 2109 rebus
580 2045 734 2128 Tympius
755 2045 786 2109 d.
808 2048 855 2109 22.
866 2045 956 2109 Mart.
974 2047 1049 2108 1723
1070 2046 1138 2111 orbi
1160 2045 1282 2110 erudito
1303 2044 1385 2109 hano
1405 2063 1478 2128 ope-

276 2179 343 2222 ram
364 2159 570 2242 pollicebatur
590 2160 686 2224 hocoe
708 2161 801 2225 libro:
830 2160 1064 2243 „Schediasma
1082 2181 1142 2242 quo
1156 2159 1320 2225 iterandae
1331 2159 1478 2223 editionis

276 2272 575 2338 Concordantiarum
601 2275 993 2340 Ebraeo-Chaldaicarum
1026 2276 1097 2340 Chr.
1127 2274 1236 2339 Noldii
1266 2292 1479 2355 novarumque

275 2386 573 2451 Concordantiarum
585 2388 805 2452 Pronominum
826 2395 891 2484 tam
903 2396 1128 2473 separatorum,
1146 2409 1242 2471 quam
1259 2407 1478 2470 connexorum,

275 2519 333 2564 neo
359 2521 420 2565 non
447 2503 608 2566 nominum
638 2504 833 2587 propriorum
854 2505 1035 2588 Scripturae
1056 2525 1165 2570 sacrae
1186 2505 1255 2569 Vet.
1277 2503 1363 2567 Test.
1384 2502 1477 2584 origi-

275 2615 355 2680 nalis
375 2617 512 2682 rationes
532 2622 738 2700 exponuntur.
780 2620 876 2684 lenae
902 2620 1006 2684 1723.“

354 2731 468 2795 Verum
489 2731 607 2796 accidit
625 2732 711 2796 haud
730 2734 826 2798 multo
848 2739 934 2818 post,
955 2738 989 2798 ut
1013 2734 1131 2798 laboris
1152 2733 1245 2819 huius
1265 2731 1369 2797 socius
1390 2731 1477 2794 Wer-

274 2864 380 2926 uerus,
403 2851 572 2929 antequam
598 2847 628 2911 ei
654 2868 765 2912 manus
787 2848 1015 2929 admovissent,
1041 2848 1205 2932 inopinato
1226 2851 1410 2912 avocaretur
1437 2865 1477 2910 ex

273 2959 446 3024 Academia
465 2961 601 3042 lenensi,
620 2962 786 3044 Gymnasii
800 2962 965 3027 Stadensis
985 2963 1098 3026 Rector
1116 2962 1304 3037 nominatus,
1325 2981 1363 3024 ac
1381 2961 1476 3043 Tym-

273 3075 325 3158 pio
350 3073 462 3140 cedere
484 3081 516 3140 et
536 3075 678 3140 Noldii
699 3082 730 3140 et
750 3077 1027 3142 Pronominum
1047 3075 1256 3141 elaborandas
1274 3075 1477 3156 edendasque

274 3189 608 3271 Oonoordantias‚
636 3190 758 3272 sibique
781 3191 1040 3274 Propriorum
1067 3191 1274 3255 Nominum
1298 3188 1476 3254 Iudicem

273 3304 556 3369 conscribendum²
583 3324 716 3390 ¹servare
746 3312 916 3387 cogeretur.
981 3307 1071 3370 Hanc
1099 3306 1139 3370 ob
1168 3298 1296 3369 causam
1323 3302 1477 3387 Tympius

176 3432 180 3437 ·
271 3416 359 3480 fratri
379 3423 455 3481 natu
474 3417 585 3482 maiori
602 3419 689 3483 Sim.
705 3419 848 3492 Bened.
862 3419 1041 3502 Tympio‚
1063 3420 1126 3500 quii,
1143 3424 1319 3501 postquam,
1340 3415 1477 3481 eschola

271 3530 436 3594 Danziana
456 3533 718 3616 egressusapud
738 3535 920 3617 Lipsienses
942 3533 1079 3599 doctoris
1098 3533 1319 3616 philosophiae
1340 3531 1475 3596 honores

271 3641 491 3709 dissertatione
529 3653 713 3712 consecutus
746 3653 829 3729 erat,
870 3648 960 3732 Halis
992 3648 1152 3713 Saxonum
1184 3648 1297 3712 litteris
1330 3645 1477 3730 vacabat,

314 3875 322 3906 ¹
346 3871 447 3930 Vitae.
467 3871 531 3930 eius
567 3873 724 3948 descriptio
757 3873 905 3932 invonitur
931 3873 963 3930 in
988 3875 1034 3951 Fr.
1059 3873 1090 3931 C.
1113 3873 1204 3932 Gottl.
1226 3872 1478 3946 Hirschingii

271 3969 524 4026 illelom-litterar.
548 3969 708 4025 chdbucb
728 3971 886 4026 berbbmter
915 3973 974 4026 aad
1001 3973 1162 4028 deobrcbrd.
1189 3973 1347 4038 Persooeo,
1375 3971 1479 4026 welche

270 4066 300 4118 111
315 4067 340 4121 d.
357 4061 401 4121 18.
412 4065 514 4123 labro.
532 4067 622 4135 9111111
642 4066 753 4128 buben..
773 4067 1090 4138 Ρο11911.11.1111111119.
1111 4085 1167 4123 oco
1191 4067 1251 4122 lob.
1269 4067 1370 4125 netur.
1389 4066 1477 4124 Mart.

270 4159 430 4219 Ernesti.
472 4161 504 4218 Τ.
526 4142 819 4237 1111111111812.
844 4161 891 4241 8⁰)
911 4161 1092 4238 p.68-71.

312 4257 324 4288 ²
343 4254 463 4325 Dubito,
485 4275 521 4312 an
536 4257 697 4315 Wcrnerus
718 4259 797 4316 hunc
818 4258 1001 4334 propriorum
1021 4260 1172 4317 nominum
1193 4257 1320 4315 indicem
1342 4255 1399 4315 sibi
1420 4277 1480 4316 ser-

270 4358 366 4412 vatum
387 4373 516 4432 unquam
537 4354 743 4431 conscripserit
750 4380 757 4428 ;
787 4361 866 4415 certe
891 4356 1006 4414 nullum
1027 4355 1093 4416 eius
1116 4354 1259 4413 indicium
1277 4353 1377 4413 inveni
1399 4353 1479 4414 inter

270 4449 364 4509 editos
383 4450 483 4510 libros.
