3738 5720
416 538 530 591 XXXIV
881 537 1163 589 PROLEGOMENA.

417 685 503 749 velit.
534 684 660 748 Deinde
679 683 777 766 addit,
798 703 832 748 se
849 685 1047 768 comperisse,
1070 684 1177 748 labore
1198 684 1252 747 illo
1272 684 1336 748 iam
1355 682 1534 748 defunctum
1552 703 1622 748 esse

416 798 632 862 Martinam
660 799 881 880 Trostium,
915 799 947 862 in
974 798 1148 863 Academia
1171 798 1450 880 Wittembergensi
1479 798 1622 880 Linguae

416 912 581 977 Hebraeae
613 912 850 992 Proi'essorem,
874 912 927 994 qui
963 933 1068 977 secum
1100 913 1184 976 illius
1222 912 1536 977 communicationem
1568 931 1624 994 per

416 1026 537 1091 litteras
558 1032 641 1091 esset
661 1026 829 1110 pollicitus.
870 1027 908 1092 Id
928 1048 1003 1092 vcro
1021 1048 1083 1091 non
1101 1028 1219 1094 iactum
1237 1031 1293 1108 est,
1310 1031 1341 1090 et
1356 1026 1481 1091 Trostiu
1501 1032 1622 1090 mortuo

418 1140 610 1224 compertum
626 1146 683 1221 est,
703 1139 952 1206 Concordantias
973 1142 1041 1206 eius
1062 1161 1125 1205 non
1146 1141 1244 1206 t'uisse
1261 1140 1329 1218 ¹nisi
1352 1139 1536 1224 imperfecta
1559 1145 1621 1222 stu-

416 1256 575 1320 diosorum
596 1255 798 1337 collectanea,
814 1262 846 1319 et
866 1257 1010 1339 abrupta,
1030 1262 1199 1338 antequam
1223 1255 1264 1318 ad
1287 1254 1382 1318 finem
1395 1255 1622 1338 pervenissent.
1747 1323 1749 1325 ,

417 1370 617 1454 Quapropter
630 1369 881 1435 Concordantiae
901 1369 1126 1454 particularum
1146 1370 1364 1434 hebraicarum
1386 1369 1463 1433 satis
1483 1368 1538 1432 diu
1560 1368 1575 1431 f
1610 1408 1620 1416 -
1655 1367 1661 1379 '

418 1491 483 1549 stra
505 1484 706 1550 desideratae
729 1491 809 1550 suut.

497 1601 578 1663 Tum
600 1599 861 1664 Christianus
883 1600 913 1664 N
922 1599 1058 1663 oldius
1087 1602 1129 1680 (a.
1151 1601 1236 1662 1626.
1258 1600 1390 1664 aauun.
1413 1599 1567 1682 Hoybyae
1589 1598 1622 1662 in

417 1714 534 1782 Scania
552 1719 662 1796 natus,
684 1713 875 1778 academicis
897 1713 1009 1777 studiis
1031 1714 1184 1778 absolutis
1204 1714 1318 1778 Rector
1337 1713 1510 1797 gymnasii,
1538 1712 1622 1794 quod

418 1827 572 1893 Coloniae
594 1833 650 1908 est,
671 1833 877 1911 nuncupatus,
900 1833 1011 1910 postea
1033 1828 1066 1890 iu
1084 1827 1258 1891 Academia
1276 1828 1443 1892 Hal'niensi
1463 1828 1624 1891 Professor

417 1940 855 2024 Theologiae,ubia.1683.
884 1943 931 2004 22.
950 1942 1030 2024 Aug.
1058 1949 1197 2005 mortuus
1221 1949 1280 2022 est)
1310 1942 1352 2004 ad
1380 1942 1462 2006 hunc
1483 1942 1622 2006 laborem

416 2073 543 2121 manum
572 2055 721 2120 admovit.
769 2057 837 2120 Hoc
858 2075 936 2139 opus
957 2055 999 2119 ad
1025 2031 1119 2119 finem
1144 2055 1327 2139 perductum
1356 2075 1384 2118 a.
1413 2059 1496 2120 1679.
1522 2056 1623 2120 forma

417 2172 619 2253 quaternaria
634 2172 748 2235 minori
769 2171 887 2256 prodiit
908 2173 965 2236 snb
986 2172 1046 2236 hoc
1069 2172 1174 2236 titulo:

607 2429 609 2434 ¹
820 2354 1052 2419 Christiani
1073 2352 1214 2419 Noldii
1350 2413 1353 2420 .

593 2469 631 2532 In
652 2469 729 2552 Reg.
753 2468 853 2532 Aead.
877 2470 979 2533 Haun.
1002 2469 1057 2534 SS.
1076 2468 1227 2550 Theolog.
1250 2467 1289 2530 D.
1313 2474 1344 2531 et
1364 2467 1397 2530 P.
1416 2467 1449 2528 l.
1537 2509 1543 2522 .

539 2583 736 2648 Concordan-
754 2584 758 2665 1
778 2583 842 2646 tiae
861 2582 1088 2647 Particularum
1106 2585 1110 2664 1
1128 2583 1252 2647 llbraeo
1265 2581 1522 2647 chaldaicarum:

928 2720 965 2783 In
988 2718 1111 2800 qvibus,

539 2833 680 2897 Partinm
700 2832 985 2915 indeclinabilium,
1007 2853 1088 2915 qvae
1113 2837 1277 2897 occurrunt
1297 2832 1329 2895 in
1343 2831 1432 2894 Fon·
1451 2833 1455 2910 1
1474 2829 1567 2912 tibus,
1591 2836 1623 2893 et

618 2947 770 3012 hactenus
790 2969 852 3013 non
870 2949 1033 3031 expositae
1054 2953 1126 3011 sunt
1143 2948 1176 3011 iu
1189 2947 1316 3010 Lexicis
1328 2951 1383 3009 aut
1401 2951 1404 3024 1
1424 2943 1622 3009 Concordan-

620 3060 689 3142 tiis,
709 3067 822 3125 natura
844 3068 875 3125 et
896 3061 1051 3126 Sensuum
1072 3081 1131 3126 va·
1151 3061 1155 3142 1
1174 3061 1270 3124 rictas
1289 3043 1472 3124 ostenditur.

539 3174 732 3257 Digeruntur
757 3177 796 3240 ea
817 3175 979 3259 methodo,
1004 3182 1038 3240 nt
1058 3174 1183 3257 Lexici,
1209 3180 1240 3239 et
1262 3175 1402 3257 Concor·¹
1420 3175 1424 3256 1
1443 3173 1622 3238 dantiarum

619 3291 697 3370 locb,
716 3291 809 3355 simul
829 3311 899 3355 esse
919 3291 1049 3375 possint.

539 3404 824 3469 accommodantur
843 3406 905 3469 huc
926 3406 1020 3470 etiam
1039 3404 1216 3469 Particulae
1234 3405 1385 3486 Graecae,
1404 3408 1408 3483 1
1427 3404 1625 3469 conferuntur

620 3519 797 3599 Versicues,
822 3526 853 3584 et
872 3520 971 3583 multa
985 3520 1165 3602 Scripturae
1184 3520 1269 3583 Loca
1289 3520 1335 3582 ita
1359 3519 1463 3602 expli·
1482 3512 1625 3602 icantur,

621 3640 654 3698 ut
683 3635 736 3698 nbi
773 3633 921 3698 tenebrae
954 3634 1005 3698 vel
1040 3632 1254 3698 dissensiones
1281 3640 1369 3715 sunt,
1388 3636 1392 3713 1
1412 3633 1625 3716 adjungantur

621 3749 842 3813 annotationes
867 3755 897 3813 et
916 3753 920 3828 1
938 3748 1107 3813 vindiciae.

785 3897 882 3961 Basil.
904 3898 1042 3961 Proaem.
1066 3895 1106 3960 de
1128 3895 1210 3978 Spir.
1232 3896 1264 3961 S.

580 4011 620 4072 Εἰ
639 4010 669 4071 ἐκ
691 4013 746 4071 τοῦ
770 4007 866 4090 νόμου
887 4012 962 4072 ἰῶτα
983 4006 1022 4086 (ἓν,
1044 4004 1064 4091 ἢ
1085 4010 1140 4090 μία
1161 4010 1262 4092 ascula
1286 4007 1322 4070 οὐ
1344 4032 1445 4091 acce·
1466 4015 1472 4089 1

639 4121 781 4202 attonat,
803 4129 870 4199 πῶς
891 4120 928 4187 ἂν
949 4124 1021 4206 ἡμῖν
1041 4121 1177 4208 ἀσφαλὲς
1199 4124 1386 4206 ὑπερβαίνειν
1404 4127 1408 4207 1

853 4241 901 4304 καὶ
923 4241 962 4302 τὰ
984 4230 1192 4320 usstandands,

469 4341 471 4346 ’
538 4355 673 4420 Hai'niae
693 4356 697 4436 1
715 4355 898 4439 Sumptibus
909 4355 1066 4420 Authcris.
1085 4358 1089 4434 1
1108 4354 1223 4418 Literis
1238 4354 1315 4436 Bag.
1331 4354 1453 4436 Majest.
1472 4352 1616 4418 etAcad.

618 4471 754 4554 Typogr.
777 4468 1037 4551 Cornificii-buit.
1057 4471 1061 4551 1
1080 4469 1171 4533 Anno
1191 4483 1228 4533 M.
1252 4481 1310 4532 Dc.
1334 4483 1456 4532 Lxxm.
