3728 5726
717 529 997 582 PROLEGOMENA.
1378 529 1466 580 LXIX

263 674 359 756 (quod
386 683 435 740 est
461 695 518 759 pro
545 671 733 755 ἐβουλήθην)
761 673 866 739 thema
894 674 987 739 datur
1015 657 1211 754 ἀβὸυλέομαι.
1258 675 1342 755 Quid
1371 676 1467 759 igitur

263 808 376 872 parens
398 789 510 853 meus?
540 788 626 853 idem
646 789 792 853 nimirum
814 789 897 872 quod
925 788 965 854 de
988 789 1227 854 Concordantiis
1254 791 1377 854 Latinis
1397 789 1465 854 uni-

262 922 421 967 versorum
442 902 631 984 Bibliorum,
654 903 817 968 eonsilium
844 903 930 986 iniit,
957 909 991 968 ut
1012 905 1122 980 reliota
1141 923 1180 968 ea
1200 923 1281 986 quae
1303 903 1403 968 solum
1426 923 1466 968 ex

261 1017 371 1082 rivulis
391 1017 540 1081 hauserat
558 1016 713 1101 editione,
743 1018 785 1081 ad
805 1018 908 1101 ipsum
934 1018 1052 1083 fontem
1072 1019 1221 1100 veniens,
1250 1038 1313 1083 non
1334 1017 1468 1102 pooillis,

265 1135 298 1194 ut
318 1129 383 1212 alii,
405 1129 463 1194 sod
482 1130 607 1214 magnis
629 1131 751 1214 pooulis
771 1137 892 1195 tantum
909 1132 1056 1214 hauriret,
1077 1138 1228 1216 quantum
1242 1131 1284 1196 ad
1297 1131 1468 1196 editionem

265 1245 427 1330 plenarum
455 1243 756 1310 Concordantiarum
788 1247 866 1310 satis
897 1246 992 1310 foret:
1034 1247 1180 1329 quamvis
1214 1247 1267 1311 vel
1297 1264 1468 1329 panoarum

264 1364 421 1442 guttarum
448 1360 583 1443 pretium
610 1361 712 1426 maius
736 1360 799 1425 lide
824 1361 960 1440 futurum
981 1368 1073 1426 esset.
1114 1362 1187 1425 Non
1217 1380 1307 1426 seous
1331 1360 1468 1426 enimet

265 1479 373 1555 antea,
400 1494 495 1556 quum
522 1473 564 1538 de
584 1473 768 1540 excudendo
790 1475 862 1538 illas
890 1474 1139 1539 Conoordantias
1160 1473 1292 1538 Latinas
1313 1477 1467 1556 ageretur,

263 1589 309 1652 ita
331 1586 368 1654 'se
396 1589 438 1653 ad
463 1590 580 1654 bonum
601 1589 794 1673 reipublicae
822 1589 991 1669 literariae,
1011 1609 1068 1673 pro
1090 1609 1174 1653 more
1196 1607 1266 1669 suo,
1295 1587 1469 1651 animatum

262 1703 451 1785 ostenderat,
473 1709 510 1768 ut
528 1723 610 1787 quae
631 1705 745 1769 multos
766 1704 846 1769 ahos
867 1702 1093 1788 propemodum
1115 1703 1327 1768 exanimasset
1346 1700 1466 1784 magni-

262 1816 337 1883 tudo
366 1822 561 1901 sumptuum,
589 1837 660 1882 eum
688 1838 751 1882 non
778 1823 922 1883 terreret:
959 1800 1053 1881 immo
1081 1837 1122 1882 ne
1147 1823 1287 1882 moveret
1311 1814 1467 1896 quidem.“

263 1931 304 1996 nt
325 1933 419 2014 paulo
438 1938 510 2016 post
530 1932 609 1998 haeo
631 1932 736 1997 addit:
774 1934 918 2016 „Verum
939 1936 973 1996 ut
994 1952 1014 1995 a
1035 1932 1158 1997 Latinis
1184 1932 1248 1997 illis
1270 1929 1468 1996 Gonoordan-

263 2046 316 2110 tiis
343 2045 402 2111 has
430 2045 471 2110 ad
500 2048 639 2122 Graecas
662 2055 816 2113 revertar:
843 2068 938 2130 quum
958 2048 1055 2112 multo
1076 2047 1204 2112 maioris
1228 2065 1298 2111 esse
1318 2044 1469 2109 momenti

263 2160 321 2225 has
342 2161 436 2226 soiret
457 2167 556 2246 pater,
578 2162 663 2243 quod
682 2163 817 2245 ipsamet
836 2161 1033 2226 Testamenti
1053 2161 1127 2226 novi
1149 2161 1256 2242 verba,
1277 2158 1468 2241 minimeque

262 2295 302 2340 ex
320 2276 579 2360 interpretatione
592 2283 726 2361 sumpta,
747 2278 880 2342 offerant
901 2275 1176 2360 (quemadmodum
1189 2274 1365 2340 Hebraioae
1383 2273 1467 2357 ipsa·
1489 2313 1494 2327 ·

262 2396 327 2454 met
346 2391 541 2456 Testamenti
568 2393 683 2457 veteris
710 2393 809 2457 verba
828 2389 991 2472 exhibent)
1020 2389 1146 2456 nonnisi
1165 2387 1353 2473 Appendioe
1373 2387 1467 2452 eomi-

263 2509 361 2570 tatum
384 2504 478 2571 edere
500 2507 560 2571 hoo
581 2526 663 2590 opus
681 2512 849 2572 statuerat:
881 2507 914 2571 in
936 2526 1008 2590 qua,
1026 2505 1113 2570 haud
1134 2505 1253 2586 absque
1272 2502 1468 2586 quorundam

261 2620 431 2684 amicorum
453 2620 588 2700 auxilio,
615 2621 766 2694 nonnulla
791 2621 998 2704 praestiturus
1020 2626 1103 2702 erat,
1129 2619 1243 2702 quibus
1268 2618 1395 2684 utiliora
1414 2618 1469 2683 vix

260 2733 391 2799 fortasse
415 2735 535 2819 sperari
562 2735 745 2818 potuissent.
786 2736 833 2801 Ao
857 2723 908 2800 ne'
928 2756 987 2819 ego
1010 2717 1138 2818 quidem
1164 2735 1224 2800 hoo
1245 2753 1325 2817 opus
1346 2733 1467 2815 absque

259 2848 445 2932 Appendioe
466 2850 506 2931 (si
527 2871 589 2915 non
610 2851 737 2916 omnino
760 2856 825 2915 tam
845 2851 916 2914 utili
936 2869 1031 2933 quam
1052 2855 1185 2934 patema
1205 2849 1261 2914 illa
1281 2847 1408 2930 fuisset,
1435 2852 1469 2912 at

260 2969 345 3028 eerte
373 2985 436 3029 non
466 2975 577 3049 parurn
605 2965 752 3032 utilitatis
777 2967 924 3046 allatura)
955 2966 1044 3030 abire
1073 2985 1113 3030 ex
1140 2984 1212 3029 mea
1242 2963 1369 3029 officina
1398 2981 1466 3045 per-

263 3078 431 3144 misissem:
462 3079 534 3162 nisi,
555 3099 649 3162 quam
673 3081 751 3145 mihi
773 3080 815 3144 ad
835 3078 1103 3163 suppeditandum
1123 3079 1174 3143 his
1194 3098 1318 3161 quoque
1340 3077 1469 3161 sumpti-

262 3193 320 3258 bus
342 3195 408 3275 (qui
429 3213 467 3258 eo
490 3194 625 3259 maiores
644 3194 739 3259 futuri
767 3199 858 3259 erant
885 3213 946 3276 quo
969 3193 1075 3276 plures
1096 3193 1260 3274 συνεργούς
1280 3192 1398 3257 habere
1417 3212 1468 3256 1110

262 3308 441 3392 oportebat)
462 3327 646 3392 aperueram
667 3328 728 3372 non
745 3308 849 3372 minus
869 3308 1034 3372 honestam
1055 3326 1149 3389 quam
1170 3306 1353 3390 expeditam
1372 3307 1468 3385 viam,

260 3423 370 3488 literae
391 3422 548 3506 quaedam
568 3423 846 3488 interclusissent.“
888 3422 938 3486 Ex
965 3422 1020 3486 illo
1049 3422 1152 3506 priore
1171 3421 1376 3504 praelationis
1398 3421 1467 3486 loeo

261 3537 347 3602 haud
365 3538 450 3603 olaro
470 3539 587 3604 haeooe
608 3539 739 3622 oolligo:

303 3655 332 3732 1)
352 3653 509 3719 Robert.
533 3653 762 3736 Stephanus
783 3654 864 3718 bene
886 3659 1017 3719 noverat
1037 3653 1205 3718 utilitatem
1221 3651 1466 3718 Conoordantia-

261 3787 329 3832 rum
362 3767 531 3832 latinarum
556 3768 597 3832 ab
629 3767 699 3851 ipso
727 3773 823 3832 antea
851 3787 1051 3850 excusorum,
1086 3773 1119 3832 et
1145 3787 1201 3832 suo
1230 3768 1298 3832 inre
1319 3767 1468 3850 sperabat

258 3882 408 3947 maiorem
438 3882 533 3946 etiam
563 3881 697 3947 fruotum
723 3883 874 3948 allabrras
906 3903 976 3949 esse
1005 3883 1269 3966 Conoordantias,
1297 3903 1379 3966 quae
1398 3907 1463 3946 ooo

256 3995 441 4058 honorarent
462 4018 501 4058 ea
521 3995 655 4058 rivalis¹
687 3997 707 4060 i.
729 4016 755 4061 e.
778 4017 818 4062 ex
838 3997 981 4062 versione
993 3996 1141 4079 quadam,
1161 3997 1218 4062 sed
1232 4022 1271 4060 eoo
1287 4000 1357 4084 ipso
1370 3997 1467 4082 sonte

259 4109 280 4172 i.
298 4128 325 4173 e.
347 4128 365 4173 e
389 4115 476 4174 textu
496 4110 660 4193 originali,
687 4131 801 4195 nempe
822 4107 1070 4200 Con'oordantias
1090 4131 1129 4177 ex
1152 4114 1191 4178 N.
1205 4115 1242 4178 Τ.
1263 4133 1376 4197 graeoo
1393 4134 1464 4179 oon-

259 4224 412 4289 oinnataa

262 4452 264 4458 Ι
305 4363 312 4394 ¹
335 4360 383 4419 Sio
402 4363 432 4422 h.
451 4361 470 4420 l.
489 4368 520 4420 et
539 4363 571 4421 in
591 4365 729 4444 subseqq.
750 4364 830 4443 typis
851 4365 973 4426 cursivis
994 4366 1117 4438 designo
1138 4366 1226 4426 verba
1249 4387 1288 4425 ex
1308 4366 1361 4425 illa
1381 4386 1465 4444 prae·

260 4455 371 4517 satione
393 4477 410 4516 a
430 4478 476 4517 me
497 4459 632 4536 repetita.
