3738 5720
438 559 515 612 XLII
905 564 1186 617 PROLEGOMENA.

437 705 592 789 Pseifferi,
612 708 753 791 (Lipsiae
779 710 861 773 1688.
884 711 1015 794 scripta)
1038 711 1222 794 3plagulas,
1247 712 1306 777 litt.
1323 731 1415 775 a-c
1432 710 1523 792 sign,
1544 710 1642 774 conti-

437 839 532 902 nens,
559 823 591 900 2)
610 820 723 887 Christ.
741 823 894 889 Koerberi
914 825 1053 890 Lexicon
1078 825 1306 890 Particularum
1328 825 1531 905 Ebraearum,
1557 827 1641 904 (cum

437 933 573 1001 dedicat.
593 937 675 1000 1712.
697 936 785 1016 data)
810 938 961 1022 splagg,
983 938 1042 1004 litt.
1065 958 1197 1005 aa—ee
1217 940 1369 1023 signatas,
1392 939 1612 1022 complectens.

518 1049 601 1128 Quid
614 1051 768 1135 Tympius
789 1053 822 1116 in
844 1073 927 1118 nova
946 1052 1007 1118 hac
1028 1051 1166 1118 editione
1186 1054 1388 1138 praestiterit,
1410 1053 1532 1137 ipsein
1552 1073 1641 1138 prae-

435 1164 555 1229 fatione
575 1167 730 1249 exposuit.
771 1167 908 1232 Primum
929 1159 1017 1252 ipsas
1030 1167 1277 1234 Concordantias
1301 1188 1422 1234 summa
1438 1187 1513 1233 cura
1534 1187 1638 1232 reeen-

437 1279 500 1343 suit
522 1285 553 1344 et
574 1279 654 1344 vitia
675 1281 865 1346 innumeris
886 1287 917 1346 et
938 1281 971 1346 in
992 1283 1195 1366 punctatione
1217 1283 1342 1348 sustulit
1359 1283 1458 1347 multa
1476 1288 1507 1347 et
1518 1282 1640 1366 gravia,

438 1392 553 1457 lineam
577 1393 738 1479 makkoph
760 1415 882 1479 semper
904 1395 1045 1478 addidit,
1066 1397 1099 1461 in
1121 1397 1249 1479 reliquis
1270 1397 1400 1478 curavit,
1421 1401 1455 1460 ut
1470 1400 1582 1471 cuncta
1599 1395 1641 1460 ad

436 1507 587 1572 amussim
614 1509 711 1592 priori
739 1509 871 1576 editioni
897 1509 1131 1594 responderent.
1182 1512 1330 1576 Formam
1358 1517 1523 1595 praeterea
1551 1510 1640 1595 operi

436 1621 667 1687 concinniorem
689 1623 793 1706 dedit;
822 1625 982 1690 breviores
1010 1626 1094 1689 enim
1121 1626 1221 1690 voluit
1242 1645 1312 1692 esse
1334 1626 1436 1690 lineas
1458 1624 1585 1710 paginis
1607 1625 1641 1688 in

436 1734 516 1800 duas
544 1736 705 1804 columnas
732 1738 860 1820 divisis,
893 1740 1027 1821 illasque
1059 1740 1233 1824 particulae
1262 1741 1404 1822 nomine,
1439 1741 1527 1805 cuius
1554 1741 1641 1805 locos

436 1850 596 1933 exhibent,
609 1852 778 1936 inscripsit.
798 1855 836 1918 In
850 1854 1006 1937 prioribus
1021 1854 1158 1938 plagulis
1172 1855 1200 1918 A
1218 1858 1247 1916 1³
1260 1855 1347 1918 —Zz
1359 1858 1400 1917 2¹)
1412 1857 1498 1938 (pag.
1509 1855 1639 1934 1-364)

436 1964 537 2029 cuivis
555 1965 620 2030 fere
641 1968 778 2050 paginae
799 1975 891 2033 notas
905 1969 1053 2052 addidit,¹
1080 1969 1166 2034 linea
1183 1969 1375 2034 aNoldiano
1396 1969 1504 2034 labore
1530 1968 1639 2034 distin-

436 2085 512 2159 ctas,
532 2101 614 2163 quae
634 2082 668 2146 in
688 2082 722 2146 id
742 2082 921 2165 collineant,
942 2090 975 2148 ut
996 2090 1116 2148 textum
1137 2083 1234 2165 hebr,
1256 2084 1455 2166 ambiguitati
1471 2089 1638 2163 eremium,

437 2201 521 2260 certo
543 2216 599 2261 suo
621 2198 727 2262 sensui
750 2199 926 2277 restituant,
946 2199 1100 2263 luxuriem
1121 2199 1283 2262 notionum
1304 2197 1453 2263 aNoldio
1477 2217 1637 2262 enumera-

409 2289 414 2296 ⁶
437 2317 538 2375 tarum
561 2313 733 2396 reprimant
760 2317 792 2376 et
819 2312 955 2377 solidum
982 2312 1208 2378 transferendis
1234 2312 1397 2396 particulis
1418 2312 1506 2377 hebr.
1528 2312 1641 2377 t'unda-

436 2430 575 2490 mentum
604 2427 820 2509 substernant,
857 2433 951 2510 atque
976 2427 1161 2510 ostendant,
1188 2427 1360 2511 particulas
1388 2427 1421 2491 in
1448 2427 1489 2491 iis
1519 2447 1643 2510 quoque

435 2541 529 2620 locis,
557 2540 610 2605 ubi
632 2541 767 2607 Noldius
797 2561 851 2607 eas
879 2541 1055 2632 redundare
1082 2542 1229 2626 opinatus
1252 2547 1313 2623 est,
1336 2561 1399 2606 non
1426 2540 1542 2606 frustra
1569 2561 1639 2606 esse

385 2635 388 2642 ¹
435 2654 606 2737 adhibitas,
625 2675 728 2738 neque
744 2677 868 2741 semper
889 2657 1062 2722 desiderari
1083 2657 1116 2721 in
1137 2657 1216 2722 locis
1237 2657 1278 2723 ab
1300 2657 1354 2722 illo
1375 2655 1532 2720 indicatis.
1574 2656 1639 2721 Ubi

435 2768 758 2854 Noldius-particulae
772 2769 898 2835 cuidam
915 2771 1025 2835 tribuit
1039 2769 1295 2853 significationes,
1319 2789 1400 2852 quae
1415 2769 1501 2833 nulla
1517 2769 1639 2834 ratione
1668 2761 1675 2778 '

435 2884 467 2948 in
489 2883 551 2948 ista
571 2884 777 2968 eontinentur,
799 2904 853 2950 eas
873 2886 1047 2969 postposito
1069 2884 1424 2969 signolexpungendas
1439 2903 1508 2949 esse
1523 2884 1634 2948 innuit.

435 2982 489 3062 Sic
511 3017 560 3063 ex.
577 3020 622 3082 gr.
646 2999 679 3063 in
701 2999 757 3064 illa
779 3000 935 3083 particula
957 3002 1025 3088 lrss,
1053 3019 1147 3082 quam
1175 3018 1271 3082 supra
1296 3000 1328 3063 in
1350 3001 1463 3083 prioris
1490 3000 1638 3066 editionis

435 3112 616 3178 recensione
636 3113 737 3190 attuli,
758 3113 839 3178 inter
860 3113 1106 3195 significationes
1128 3111 1278 3177 aNoldio
1300 3112 1329 3177 ei
1351 3113 1485 3178 tributas
1500 3115 1640 3196 signavit

435 3226 546 3292 hasce:
573 3230 600 3289 2.
615 3226 671 3307 Et,
693 3231 719 3290 7.
735 3228 812 3307 Sed,
834 3229 861 3289 8.
876 3228 946 3307 Sto,
966 3230 1028 3306 aba,
1049 3230 1076 3290 9.
1092 3227 1226 3305 Trunca,
1252 3229 1296 3287 ll.
1316 3227 1367 3306 Ut,
1387 3251 1454 3312 quo.

514 3342 565 3407 De
586 3363 668 3408 novo
690 3348 854 3426 praeterea
874 3340 998 3434 addidit
1019 3342 1052 3406 in
1074 3341 1177 3425 prima
1198 3346 1288 3424 parte
1310 3341 1638 3408 Ooncordantias

435 3458 714 3522 Pronominum
742 3463 1024 3542 separatorum
1050 3455 1273 3520 hebraicas
1301 3461 1423 3538 atque
1453 3456 1636 3522 chaldai-

436 3591 518 3652 cas,
541 3591 622 3653 quae
635 3571 764 3636 fratrem
778 3573 845 3637 eius
859 3570 977 3636 habent
991 3577 1159 3652 auctorem,
1182 3590 1299 3653 casque
1314 3570 1378 3654 ipsi
1395 3571 1483 3655 operi
1497 3572 1637 3637 inseruit.

435 3684 540 3749 Etiam
567 3686 711 3751 voculam
739 3687 811 3770 llll,
841 3704 867 3750 a.
882 3685 913 3749 N
920 3683 1033 3750 oldio
1061 3704 1162 3767 aeque
1191 3705 1229 3750 ae
1256 3686 1472 3752 Buxtorfio
1500 3693 1637 3771 praeter-

435 3799 579 3880 missam,
608 3798 816 3863 additamenti
844 3800 912 3864 loco
942 3800 1079 3865 exhibet.
1108 3835 1145 3846 -
1169 3801 1325 3865 ·Alteram
1355 3820 1479 3884 quoque
1505 3807 1636 3884 partem,

483 4009 489 4041 ¹
515 4006 574 4064 (lur
594 4004 739 4063 eiusmodi
760 4012 846 4064 notae
869 4005 900 4062 in
922 4004 1134 4079 posterioribus
1157 4006 1285 4082 plagulis
1308 4008 1432 4068 omissae
1454 4007 1530 4081 sint,
1553 4008 1639 4085 Tym-

369 4178 379 4187 .
435 4103 503 4180 pius
524 4103 554 4161 in
574 4102 757 4179 praefatione
778 4101 925 4161 indicavit.
970 4103 1059 4178 Operi
1086 4105 1170 4162 tarde
1198 4111 1329 4179 promoto
1350 4125 1417 4163 cum
1435 4125 1510 4162 nova
1532 4105 1639 4164 obiice-

436 4206 518 4259 retur
541 4199 702 4258 difficultas
722 4200 798 4257 illud
821 4201 917 4259 denuo
939 4201 1088 4258 retardare
1110 4200 1240 4274 minans,
1267 4201 1361 4259 editor
1382 4202 1536 4261 consilium
1559 4202 1639 4278 cepit

436 4296 656 4357 annotationum
685 4317 804 4356 suarum
830 4297 912 4355 filum
940 4295 1010 4354 inde
1033 4317 1050 4354 a
1076 4317 1142 4372 pag.
1163 4297 1230 4357 365.
1253 4299 1462 4374 abrumpendi,
1493 4303 1638 4376 utquam

435 4392 693 4466 festinantissime,
723 4412 798 4469 quae
824 4392 918 4468 ipsius
947 4391 1044 4468 operis
1074 4395 1242 4466 restabant,
1270 4393 1342 4454 solia
1362 4414 1421 4453 nou
1441 4414 1535 4470 pauca
1558 4393 1637 4471 typis

437 4490 564 4567 exprimi
585 4497 713 4567 possent.
