<?xml version="1.0" encoding="UTF-8"?>
<!DOCTYPE html PUBLIC "-//W3C//DTD XHTML 1.0 Transitional//EN"
    "http://www.w3.org/TR/xhtml1/DTD/xhtml1-transitional.dtd">
<html xmlns="http://www.w3.org/1999/xhtml" xml:lang="en" lang="en">
 <head>
  <title>
</title>
<meta http-equiv="Content-Type" content="text/html;charset=utf-8" />
  <meta name='ocr-system' content='tesseract 3.04.00' />
  <meta name='ocr-capabilities' content='ocr_page ocr_carea ocr_par ocr_line ocrx_word'/>
</head>
<body>
  <div class='ocr_page' id='page_1' title='image "./concordantiarum00bindgoog_0045.png"; bbox 0 0 3738 5720; ppageno 0'>
   <div class='ocr_carea' id='block_1_1' title="bbox 401 553 1140 608">
    <p class='ocr_par' dir='ltr' id='par_1_1' title="bbox 401 553 1140 608">
     <span class='ocr_line' id='line_1_1' title="bbox 401 553 1140 608; baseline 0 -2"><span class='ocrx_word' id='word_1_1' title='bbox 401 553 477 606; x_wconf 87' lang='lat' dir='ltr'><em>XXX</em></span> <span class='ocrx_word' id='word_1_2' title='bbox 856 553 1140 608; x_wconf 68' lang='lat' dir='ltr'><em>Pronnoonnnn.</em></span> 
     </span>
    </p>
   </div>
   <div class='ocr_carea' id='block_1_2' title="bbox 400 699 1605 900">
    <p class='ocr_par' dir='ltr' id='par_1_2' title="bbox 400 699 1605 900">
     <span class='ocr_line' id='line_1_2' title="bbox 400 699 1605 786; baseline 0.003 -24"><span class='ocrx_word' id='word_1_3' title='bbox 400 705 540 782; x_wconf 89' lang='lat' dir='ltr'><em>poneret.</em></span> <span class='ocrx_word' id='word_1_4' title='bbox 581 701 642 767; x_wconf 89' lang='lat' dir='ltr'><em>Hic</em></span> <span class='ocrx_word' id='word_1_5' title='bbox 663 703 764 786; x_wconf 89' lang='lat' dir='ltr'><em>patris</em></span> <span class='ocrx_word' id='word_1_6' title='bbox 785 702 1034 769; x_wconf 86' lang='lat' dir='ltr'><em>Concordantias</em></span> <span class='ocrx_word' id='word_1_7' title='bbox 1061 701 1103 765; x_wconf 92' lang='lat' dir='ltr'><em>ab</em></span> <span class='ocrx_word' id='word_1_8' title='bbox 1125 700 1195 785; x_wconf 92' lang='lat' dir='ltr'><em>ipso</em></span> <span class='ocrx_word' id='word_1_9' title='bbox 1218 699 1324 764; x_wconf 87' lang='lat' dir='ltr'><em>finitas</em></span> <span class='ocrx_word' id='word_1_10' title='bbox 1345 719 1415 764; x_wconf 83' lang='lat' dir='ltr'><em>curn</em></span> <span class='ocrx_word' id='word_1_11' title='bbox 1438 717 1495 766; x_wconf 88' lang='lat' dir='ltr'><em>sua</em></span> <span class='ocrx_word' id='word_1_12' title='bbox 1516 719 1605 784; x_wconf 87' lang='lat' dir='ltr'><em>prae·</em></span> 
     </span>
     <span class='ocr_line' id='line_1_3' title="bbox 400 813 1207 900; baseline 0.001 -24"><span class='ocrx_word' id='word_1_13' title='bbox 400 813 519 879; x_wconf 86' lang='lat' dir='ltr'><em>tatione</em></span> <span class='ocrx_word' id='word_1_14' title='bbox 539 834 567 878; x_wconf 84' lang='lat' dir='ltr'><em>a</em></span> <span class='ocrx_word' id='word_1_15' title='bbox 589 817 658 880; x_wconf 84' lang='grc'>1631</span> <span class='ocrx_word' id='word_1_16' title='bbox 681 817 801 900; x_wconf 90' lang='lat' dir='ltr'><em>scripta</em></span> <span class='ocrx_word' id='word_1_17' title='bbox 822 816 922 882; x_wconf 84' lang='lat' dir='ltr'><strong>edidit</strong></span> <span class='ocrx_word' id='word_1_18' title='bbox 943 817 1002 881; x_wconf 90' lang='lat' dir='ltr'><em>snb</em></span> <span class='ocrx_word' id='word_1_19' title='bbox 1024 815 1084 879; x_wconf 88' lang='lat' dir='ltr'><em>hoc</em></span> <span class='ocrx_word' id='word_1_20' title='bbox 1099 813 1207 879; x_wconf 91' lang='lat' dir='ltr'><em>titulo:</em></span> 
     </span>
    </p>
   </div>
   <div class='ocr_carea' id='block_1_3' title="bbox 519 997 1608 1312">
    <p class='ocr_par' dir='ltr' id='par_1_3' title="bbox 519 997 1608 1312">
     <span class='ocr_line' id='line_1_4' title="bbox 841 997 1161 1065; baseline -0.009 0"><span class='ocrx_word' id='word_1_21' title='bbox 841 1000 992 1065; x_wconf 82' lang='lat' dir='ltr'>Iohannis</span> <span class='ocrx_word' id='word_1_22' title='bbox 1012 997 1161 1063; x_wconf 85' lang='lat' dir='ltr'><em>Buxtorfl</em></span> 
     </span>
     <span class='ocr_line' id='line_1_5' title="bbox 521 1111 1608 1196; baseline -0.002 -19"><span class='ocrx_word' id='word_1_23' title='bbox 521 1111 771 1178; x_wconf 72' lang='lat' dir='ltr'>concordantiae</span> <span class='ocrx_word' id='word_1_24' title='bbox 788 1115 792 1196; x_wconf 97' lang='grc' dir='ltr'>Ι</span> <span class='ocrx_word' id='word_1_25' title='bbox 811 1114 984 1180; x_wconf 89' lang='lat' dir='ltr'><em>Bibliorum</em></span> <span class='ocrx_word' id='word_1_26' title='bbox 1002 1116 1008 1196; x_wconf 99' lang='grc' dir='ltr'>Ι</span> <span class='ocrx_word' id='word_1_27' title='bbox 1025 1113 1216 1194; x_wconf 66' lang='lat' dir='ltr'><em>Hebraeae,</em></span> <span class='ocrx_word' id='word_1_28' title='bbox 1235 1115 1239 1196; x_wconf 96' lang='grc' dir='ltr'>Ι</span> <span class='ocrx_word' id='word_1_29' title='bbox 1264 1113 1360 1175; x_wconf 84' lang='lat' dir='ltr'><em>Nova</em></span> <span class='ocrx_word' id='word_1_30' title='bbox 1380 1123 1410 1176; x_wconf 90' lang='lat' dir='ltr'><em>et</em></span> <span class='ocrx_word' id='word_1_31' title='bbox 1430 1114 1608 1195; x_wconf 77' lang='lat' dir='ltr'><em>ortz&#39;fia&#39;osa</em></span> 
     </span>
     <span class='ocr_line' id='line_1_6' title="bbox 519 1225 1607 1312; baseline 0.002 -25"><span class='ocrx_word' id='word_1_32' title='bbox 519 1225 660 1289; x_wconf 81' lang='lat' dir='ltr'><em>nretbodo</em></span> <span class='ocrx_word' id='word_1_33' title='bbox 678 1229 683 1309; x_wconf 89' lang='grc' dir='ltr'>Ι</span> <span class='ocrx_word' id='word_1_34' title='bbox 701 1227 884 1312; x_wconf 68' lang='lat' dir='ltr'><em>dispositae,</em></span> <span class='ocrx_word' id='word_1_35' title='bbox 906 1229 939 1290; x_wconf 90' lang='lat' dir='ltr'><em>in</em></span> <span class='ocrx_word' id='word_1_36' title='bbox 961 1227 1038 1291; x_wconf 79' lang='lat' dir='ltr'><em>locis</em></span> <span class='ocrx_word' id='word_1_37' title='bbox 1059 1227 1235 1290; x_wconf 81' lang='lat' dir='ltr'><em>innumeris</em></span> <span class='ocrx_word' id='word_1_38' title='bbox 1254 1227 1366 1311; x_wconf 84' lang='lat' dir='ltr'><em>depra-</em></span> <span class='ocrx_word' id='word_1_39' title='bbox 1385 1228 1390 1308; x_wconf 87' lang='grc' dir='ltr'>Ι</span> <span class='ocrx_word' id='word_1_40' title='bbox 1408 1229 1491 1290; x_wconf 85' lang='lat' dir='ltr'><em>uatis</em></span> <span class='ocrx_word' id='word_1_41' title='bbox 1507 1249 1607 1290; x_wconf 72' lang='lat' dir='ltr'><em>encen-</em></span> 
     </span>
    </p>
   </div>
   <div class='ocr_carea' id='block_1_4' title="bbox 522 1338 1607 1426">
    <p class='ocr_par' dir='ltr' id='par_1_4' title="bbox 522 1338 1607 1426">
     <span class='ocr_line' id='line_1_7' title="bbox 522 1338 1607 1426; baseline 0 -24"><span class='ocrx_word' id='word_1_42' title='bbox 522 1341 632 1421; x_wconf 86' lang='lat' dir='ltr'><em>datae,</em></span> <span class='ocrx_word' id='word_1_43' title='bbox 661 1342 880 1424; x_wconf 78' lang='lat' dir='ltr'><em>deficientibus</em></span> <span class='ocrx_word' id='word_1_44' title='bbox 899 1341 1052 1426; x_wconf 71' lang='lat' dir='ltr'><em>prlurirnis</em></span> <span class='ocrx_word' id='word_1_45' title='bbox 1079 1340 1232 1426; x_wconf 64' lang='lat' dir='ltr'><em>expletae,</em></span> <span class='ocrx_word' id='word_1_46' title='bbox 1263 1338 1365 1402; x_wconf 76' lang='lat' dir='ltr'><em>Itan·-</em></span> <span class='ocrx_word' id='word_1_47' title='bbox 1384 1339 1388 1422; x_wconf 88' lang='grc' dir='ltr'>Ι</span> <span class='ocrx_word' id='word_1_48' title='bbox 1406 1341 1496 1403; x_wconf 82' lang='lat' dir='ltr'><em>cibus</em></span> <span class='ocrx_word' id='word_1_49' title='bbox 1513 1353 1607 1404; x_wconf 84' lang='lat' dir='ltr'><em>antea</em></span> 
     </span>
    </p>
   </div>
   <div class='ocr_carea' id='block_1_5' title="bbox 498 1456 1610 2552">
    <p class='ocr_par' dir='ltr' id='par_1_5' title="bbox 521 1456 1605 1541">
     <span class='ocr_line' id='line_1_8' title="bbox 521 1456 1605 1541; baseline 0.001 -25"><span class='ocrx_word' id='word_1_50' title='bbox 521 1456 667 1541; x_wconf 71' lang='lat' dir='ltr'><em>confusas</em></span> <span class='ocrx_word' id='word_1_51' title='bbox 679 1457 857 1535; x_wconf 68' lang='lat' dir='ltr'><em>destructae,</em></span> <span class='ocrx_word' id='word_1_52' title='bbox 872 1467 902 1518; x_wconf 89' lang='lat' dir='ltr'><em>et</em></span> <span class='ocrx_word' id='word_1_53' title='bbox 914 1457 1148 1541; x_wconf 68' lang='lat' dir='ltr'><em>siynffioatrbne</em></span> <span class='ocrx_word' id='word_1_54' title='bbox 1166 1457 1170 1536; x_wconf 93' lang='grc' dir='ltr'>Ι</span> <span class='ocrx_word' id='word_1_55' title='bbox 1188 1477 1296 1516; x_wconf 82' lang='lat' dir='ltr'><em>uocum</em></span> <span class='ocrx_word' id='word_1_56' title='bbox 1313 1456 1452 1518; x_wconf 80' lang='lat' dir='ltr'><em>ornna‘run</em></span> <span class='ocrx_word' id='word_1_57' title='bbox 1465 1457 1586 1522; x_wconf 73' lang='lat' dir='ltr'><em>Latina</em></span> <span class='ocrx_word' id='word_1_58' title='bbox 1602 1459 1605 1537; x_wconf 92' lang='grc' dir='ltr'>Ι</span> 
     </span>
    </p>

    <p class='ocr_par' dir='ltr' id='par_1_6' title="bbox 521 1567 894 1638">
     <span class='ocr_line' id='line_1_9' title="bbox 521 1567 894 1638; baseline 0.008 -8"><span class='ocrx_word' id='word_1_59' title='bbox 521 1567 716 1633; x_wconf 66' lang='lat' dir='ltr'><em>illustratae:</em></span> <span class='ocrx_word' id='word_1_60' title='bbox 890 1631 894 1638; x_wconf 85' lang='grc'><strong>,</strong></span> 
     </span>
    </p>

    <p class='ocr_par' dir='ltr' id='par_1_7' title="bbox 498 1666 1061 1754">
     <span class='ocr_line' id='line_1_10' title="bbox 498 1666 1061 1754; baseline 0.002 -24"><span class='ocrx_word' id='word_1_61' title='bbox 498 1747 501 1754; x_wconf 28' lang='lat'><strong><em>¹</em></strong></span> <span class='ocrx_word' id='word_1_62' title='bbox 940 1666 1061 1744; x_wconf 84' lang='lat' dir='ltr'><em>Quibus</em></span> 
     </span>
    </p>

    <p class='ocr_par' dir='ltr' id='par_1_8' title="bbox 522 1779 1605 1978">
     <span class='ocr_line' id='line_1_11' title="bbox 522 1779 1605 1864; baseline 0 -21"><span class='ocrx_word' id='word_1_63' title='bbox 522 1780 659 1844; x_wconf 89' lang='lat' dir='ltr'><em>Primum</em></span> <span class='ocrx_word' id='word_1_64' title='bbox 687 1781 815 1845; x_wconf 92' lang='lat' dir='ltr'><em>Locus</em></span> <span class='ocrx_word' id='word_1_65' title='bbox 842 1781 1003 1864; x_wconf 88' lang='lat' dir='ltr'><em>quaesitus</em></span> <span class='ocrx_word' id='word_1_66' title='bbox 1030 1781 1121 1863; x_wconf 88' lang='lat' dir='ltr'><em>qnasi</em></span> <span class='ocrx_word' id='word_1_67' title='bbox 1151 1780 1182 1843; x_wconf 94' lang='lat' dir='ltr'><em>in</em></span> <span class='ocrx_word' id='word_1_68' title='bbox 1211 1787 1368 1846; x_wconf 87' lang='lat' dir='ltr'><em>momento</em></span> <span class='ocrx_word' id='word_1_69' title='bbox 1396 1779 1577 1860; x_wconf 88' lang='lat' dir='ltr'><em>ostenditur,</em></span> <span class='ocrx_word' id='word_1_70' title='bbox 1602 1781 1605 1859; x_wconf 95' lang='grc' dir='ltr'>Ι</span> 
     </span>
     <span class='ocr_line' id='line_1_12' title="bbox 602 1894 1456 1978; baseline 0 -20"><span class='ocrx_word' id='word_1_71' title='bbox 602 1901 657 1958; x_wconf 89' lang='lat' dir='ltr'><em>aut</em></span> <span class='ocrx_word' id='word_1_72' title='bbox 678 1894 827 1959; x_wconf 85' lang='lat' dir='ltr'><em>facillimo</em></span> <span class='ocrx_word' id='word_1_73' title='bbox 843 1894 1136 1978; x_wconf 82' lang='lat' dir='ltr'><em>jucundissimaque</em></span> <span class='ocrx_word' id='word_1_74' title='bbox 1159 1895 1266 1960; x_wconf 88' lang='lat' dir='ltr'><em>labore</em></span> <span class='ocrx_word' id='word_1_75' title='bbox 1288 1895 1456 1960; x_wconf 89' lang='lat' dir='ltr'><em>invenitur.</em></span> 
     </span>
    </p>

    <p class='ocr_par' dir='ltr' id='par_1_9' title="bbox 523 2007 1608 2208">
     <span class='ocr_line' id='line_1_13' title="bbox 523 2007 1608 2090; baseline -0.001 -16"><span class='ocrx_word' id='word_1_76' title='bbox 523 2008 667 2074; x_wconf 86' lang='lat' dir='ltr'><em>Secundo</em></span> <span class='ocrx_word' id='word_1_77' title='bbox 687 2009 830 2074; x_wconf 86' lang='lat' dir='ltr'><em>Lexici</em></span> <span class='ocrx_word' id='word_1_78' title='bbox 850 2009 998 2075; x_wconf 86' lang='lat' dir='ltr'><em>Hebraici</em></span> <span class='ocrx_word' id='word_1_79' title='bbox 1017 2009 1162 2074; x_wconf 88' lang='lat' dir='ltr'><em>omnibus</em></span> <span class='ocrx_word' id='word_1_80' title='bbox 1181 2010 1310 2074; x_wconf 90' lang='lat' dir='ltr'><em>vocibus</em></span> <span class='ocrx_word' id='word_1_81' title='bbox 1328 2007 1487 2074; x_wconf 88' lang='lat' dir='ltr'><em>flexilibus</em></span> <span class='ocrx_word' id='word_1_82' title='bbox 1504 2012 1509 2090; x_wconf 94' lang='grc' dir='ltr'>Ι</span> <span class='ocrx_word' id='word_1_83' title='bbox 1527 2021 1608 2073; x_wconf 85' lang='lat' dir='ltr'><em>eom-</em></span> 
     </span>
     <span class='ocr_line' id='line_1_14' title="bbox 602 2123 1192 2208; baseline 0.003 -22"><span class='ocrx_word' id='word_1_84' title='bbox 602 2123 690 2207; x_wconf 91' lang='lat' dir='ltr'><em>pleti,</em></span> <span class='ocrx_word' id='word_1_85' title='bbox 713 2123 813 2188; x_wconf 87' lang='lat' dir='ltr'><em>sonna</em></span> <span class='ocrx_word' id='word_1_86' title='bbox 834 2123 979 2188; x_wconf 86' lang='lat' dir='ltr'><em>absoluta</em></span> <span class='ocrx_word' id='word_1_87' title='bbox 1000 2124 1192 2208; x_wconf 84' lang='lat' dir='ltr'><em>proponitur.</em></span> 
     </span>
    </p>

    <p class='ocr_par' dir='ltr' id='par_1_10' title="bbox 523 2237 1610 2552">
     <span class='ocr_line' id='line_1_15' title="bbox 523 2237 1610 2323; baseline 0 -23"><span class='ocrx_word' id='word_1_88' title='bbox 523 2237 667 2319; x_wconf 88' lang='lat' dir='ltr'><em>Denique</em></span> <span class='ocrx_word' id='word_1_89' title='bbox 678 2237 761 2302; x_wconf 88' lang='lat' dir='ltr'><em>Mas</em></span> <span class='ocrx_word' id='word_1_90' title='bbox 770 2258 788 2301; x_wconf 93' lang='lat' dir='ltr'><em>o</em></span> <span class='ocrx_word' id='word_1_91' title='bbox 797 2258 838 2302; x_wconf 88' lang='lat' dir='ltr'><em>ra</em></span> <span class='ocrx_word' id='word_1_92' title='bbox 849 2239 917 2304; x_wconf 87' lang='lat' dir='ltr'><em>sive</em></span> <span class='ocrx_word' id='word_1_93' title='bbox 931 2240 1083 2305; x_wconf 81' lang='lat' dir='ltr'><em>Critiae</em></span> <span class='ocrx_word' id='word_1_94' title='bbox 1097 2239 1246 2323; x_wconf 86' lang='lat' dir='ltr'><em>perfecta,</em></span> <span class='ocrx_word' id='word_1_95' title='bbox 1258 2238 1390 2321; x_wconf 89' lang='lat' dir='ltr'><em>quoties,</em></span> <span class='ocrx_word' id='word_1_96' title='bbox 1403 2240 1407 2320; x_wconf 96' lang='grc' dir='ltr'>Ι</span> <span class='ocrx_word' id='word_1_97' title='bbox 1424 2239 1487 2321; x_wconf 77' lang='lat' dir='ltr'><em>quir</em></span> <span class='ocrx_word' id='word_1_98' title='bbox 1501 2237 1610 2318; x_wconf 77' lang='lat' dir='ltr'><em>torma,</em></span> 
     </span>
     <span class='ocr_line' id='line_1_16' title="bbox 604 2352 1609 2437; baseline -0.003 -20"><span class='ocrx_word' id='word_1_99' title='bbox 604 2373 665 2435; x_wconf 93' lang='lat' dir='ltr'><em>quo</em></span> <span class='ocrx_word' id='word_1_100' title='bbox 684 2353 774 2435; x_wconf 86' lang='lat' dir='ltr'><em>libro,</em></span> <span class='ocrx_word' id='word_1_101' title='bbox 795 2373 863 2437; x_wconf 92' lang='lat' dir='ltr'><em>cap.</em></span> <span class='ocrx_word' id='word_1_102' title='bbox 879 2360 910 2419; x_wconf 88' lang='lat' dir='ltr'><em>et</em></span> <span class='ocrx_word' id='word_1_103' title='bbox 924 2374 1016 2419; x_wconf 89' lang='lat' dir='ltr'><em>versu</em></span> <span class='ocrx_word' id='word_1_104' title='bbox 1038 2373 1244 2437; x_wconf 88' lang='lat' dir='ltr'><em>unaquaeque</em></span> <span class='ocrx_word' id='word_1_105' title='bbox 1258 2374 1321 2418; x_wconf 84' lang='lat' dir='ltr'><em>vox</em></span> <span class='ocrx_word' id='word_1_106' title='bbox 1341 2352 1562 2434; x_wconf 74' lang='lat' dir='ltr'><em>de-tciinebilis</em></span> <span class='ocrx_word' id='word_1_107' title='bbox 1577 2352 1609 2415; x_wconf 94' lang='lat' dir='ltr'><em>in</em></span> 
     </span>
     <span class='ocr_line' id='line_1_17' title="bbox 604 2467 1391 2552; baseline 0.001 -21"><span class='ocrx_word' id='word_1_108' title='bbox 604 2472 691 2532; x_wconf 86' lang='lat' dir='ltr'><em>textu</em></span> <span class='ocrx_word' id='word_1_109' title='bbox 713 2467 858 2533; x_wconf 87' lang='lat' dir='ltr'><em>Hebraeo</em></span> <span class='ocrx_word' id='word_1_110' title='bbox 879 2468 1048 2552; x_wconf 86' lang='lat' dir='ltr'><em>invenitur,</em></span> <span class='ocrx_word' id='word_1_111' title='bbox 1067 2474 1230 2534; x_wconf 89' lang='lat' dir='ltr'><em>numerato</em></span> <span class='ocrx_word' id='word_1_112' title='bbox 1248 2468 1391 2534; x_wconf 85' lang='lat' dir='ltr'><em>traditur.</em></span> 
     </span>
    </p>
   </div>
   <div class='ocr_carea' id='block_1_6' title="bbox 405 2651 1612 4548">
    <p class='ocr_par' dir='ltr' id='par_1_11' title="bbox 525 2651 1612 3516">
     <span class='ocr_line' id='line_1_18' title="bbox 905 2651 1114 2716; baseline 0.005 -4"><span class='ocrx_word' id='word_1_113' title='bbox 905 2651 1114 2716; x_wconf 75' lang='lat' dir='ltr'><em>Accesserant</em></span> 
     </span>
     <span class='ocr_line' id='line_1_19' title="bbox 525 2763 1610 2846; baseline -0.001 -17"><span class='ocrx_word' id='word_1_114' title='bbox 525 2765 636 2829; x_wconf 88' lang='lat' dir='ltr'><em>Novae</em></span> <span class='ocrx_word' id='word_1_115' title='bbox 665 2763 916 2830; x_wconf 84' lang='lat' dir='ltr'><em>Concordantiae</em></span> <span class='ocrx_word' id='word_1_116' title='bbox 945 2764 1179 2845; x_wconf 65' lang='lat' dir='ltr'><em>Chal-idaieae</em></span> <span class='ocrx_word' id='word_1_117' title='bbox 1206 2765 1344 2830; x_wconf 89' lang='lat' dir='ltr'><em>omnium</em></span> <span class='ocrx_word' id='word_1_118' title='bbox 1372 2784 1500 2845; x_wconf 91' lang='lat' dir='ltr'><em>vocum,</em></span> <span class='ocrx_word' id='word_1_119' title='bbox 1528 2783 1610 2846; x_wconf 91' lang='lat' dir='ltr'><em>quae</em></span> 
     </span>
     <span class='ocr_line' id='line_1_20' title="bbox 607 2879 1368 2962; baseline -0.001 -18"><span class='ocrx_word' id='word_1_120' title='bbox 607 2879 744 2962; x_wconf 85' lang='lat' dir='ltr'><em>Corpore</em></span> <span class='ocrx_word' id='word_1_121' title='bbox 762 2879 959 2958; x_wconf 73' lang='lat' dir='ltr'><em>Biblio-trum</em></span> <span class='ocrx_word' id='word_1_122' title='bbox 978 2879 1135 2944; x_wconf 82' lang='lat' dir='ltr'><em>Hebraico</em></span> <span class='ocrx_word' id='word_1_123' title='bbox 1156 2880 1368 2944; x_wconf 90' lang='lat' dir='ltr'><em>eontinentur:</em></span> 
     </span>
     <span class='ocr_line' id='line_1_21' title="bbox 529 2992 1606 3078; baseline 0.002 -22"><span class='ocrx_word' id='word_1_124' title='bbox 529 2993 606 3056; x_wconf 75' lang='lat' dir='ltr'><em>Onna</em></span> <span class='ocrx_word' id='word_1_125' title='bbox 626 2992 851 3078; x_wconf 67' lang='lat' dir='ltr'><em>Prarffatione,</em></span> <span class='ocrx_word' id='word_1_126' title='bbox 881 2997 944 3078; x_wconf 72' lang='lat' dir='ltr'><em>qna</em></span> <span class='ocrx_word' id='word_1_127' title='bbox 973 2993 1088 3078; x_wconf 83' lang='lat' dir='ltr'><em>Operis</em></span> <span class='ocrx_word' id='word_1_128' title='bbox 1111 3017 1189 3056; x_wconf 84' lang='lat' dir='ltr'><em>usus</em></span> <span class='ocrx_word' id='word_1_129' title='bbox 1211 2995 1215 3076; x_wconf 93' lang='grc' dir='ltr'>Ι</span> <span class='ocrx_word' id='word_1_130' title='bbox 1240 2995 1365 3058; x_wconf 84' lang='lat' dir='ltr'><em>abundo</em></span> <span class='ocrx_word' id='word_1_131' title='bbox 1390 2995 1580 3075; x_wconf 81' lang='lat' dir='ltr'><em>declaratur,</em></span> <span class='ocrx_word' id='word_1_132' title='bbox 1603 2997 1606 3077; x_wconf 92' lang='grc' dir='ltr'>Ι</span> 
     </span>
     <span class='ocr_line' id='line_1_22' title="bbox 527 3106 1610 3195; baseline 0.004 -27"><span class='ocrx_word' id='word_1_133' title='bbox 527 3107 589 3169; x_wconf 88' lang='lat' dir='ltr'><em>Per</em></span> <span class='ocrx_word' id='word_1_134' title='bbox 604 3106 816 3170; x_wconf 75' lang='lat' dir='ltr'><em>Iohannem</em></span> <span class='ocrx_word' id='word_1_135' title='bbox 826 3107 858 3170; x_wconf 90' lang='lat' dir='ltr'><em>B</em></span> <span class='ocrx_word' id='word_1_136' title='bbox 865 3131 915 3170; x_wconf 81' lang='lat' dir='ltr'><em>aar</em></span> <span class='ocrx_word' id='word_1_137' title='bbox 925 3119 987 3170; x_wconf 85' lang='lat' dir='ltr'><em>tor</em></span> <span class='ocrx_word' id='word_1_138' title='bbox 987 3107 1018 3192; x_wconf 93' lang='lat' dir='ltr'><em>s</em></span> <span class='ocrx_word' id='word_1_139' title='bbox 1021 3109 1098 3170; x_wconf 81' lang='lat' dir='ltr'><em>ium</em></span> <span class='ocrx_word' id='word_1_140' title='bbox 1113 3107 1146 3170; x_wconf 83' lang='lat' dir='ltr'><em>F</em></span> <span class='ocrx_word' id='word_1_141' title='bbox 1145 3107 1191 3190; x_wconf 66' lang='lat' dir='ltr'><em>itt</em></span> <span class='ocrx_word' id='word_1_142' title='bbox 1206 3109 1300 3195; x_wconf 77' lang='lat' dir='ltr'><em>Lirrp.</em></span> <span class='ocrx_word' id='word_1_143' title='bbox 1313 3110 1450 3174; x_wconf 80' lang='lat' dir='ltr'><em>Sanctae</em></span> <span class='ocrx_word' id='word_1_144' title='bbox 1463 3113 1498 3174; x_wconf 90' lang='lat' dir='ltr'><em>in</em></span> <span class='ocrx_word' id='word_1_145' title='bbox 1511 3111 1610 3173; x_wconf 79' lang='lat' dir='ltr'><em>Auad.</em></span> 
     </span>
     <span class='ocr_line' id='line_1_23' title="bbox 857 3221 1215 3307; baseline -0.003 -22"><span class='ocrx_word' id='word_1_146' title='bbox 857 3222 936 3288; x_wconf 80' lang='lat' dir='ltr'><em>Bas.</em></span> <span class='ocrx_word' id='word_1_147' title='bbox 958 3221 1053 3307; x_wconf 88' lang='lat' dir='ltr'><em>Pros.</em></span> <span class='ocrx_word' id='word_1_148' title='bbox 1075 3223 1215 3286; x_wconf 71' lang='lat' dir='ltr'><em>ardenar.</em></span> 
     </span>
     <span class='ocr_line' id='line_1_24' title="bbox 557 3337 1612 3426; baseline 0.002 -26"><span class='ocrx_word' id='word_1_149' title='bbox 557 3337 719 3420; x_wconf 84' lang='lat' dir='ltr'><em>Basileae,</em></span> <span class='ocrx_word' id='word_1_150' title='bbox 742 3338 746 3420; x_wconf 89' lang='grc' dir='ltr'>Ι</span> <span class='ocrx_word' id='word_1_151' title='bbox 774 3337 959 3422; x_wconf 77' lang='lat' dir='ltr'><em>Samptr&#39;bus</em></span> <span class='ocrx_word' id='word_1_152' title='bbox 986 3348 1016 3399; x_wconf 86' lang='lat' dir='ltr'><em>et</em></span> <span class='ocrx_word' id='word_1_153' title='bbox 1043 3338 1129 3422; x_wconf 76' lang='lat' dir='ltr'><em>typis</em></span> <span class='ocrx_word' id='word_1_154' title='bbox 1157 3337 1315 3402; x_wconf 83' lang='lat' dir='ltr'><em>Lndouioi</em></span> <span class='ocrx_word' id='word_1_155' title='bbox 1340 3338 1456 3426; x_wconf 78' lang='lat' dir='ltr'><em>Kiiuip.</em></span> <span class='ocrx_word' id='word_1_156' title='bbox 1483 3338 1488 3422; x_wconf 93' lang='grc' dir='ltr'>Ι</span> <span class='ocrx_word' id='word_1_157' title='bbox 1518 3340 1612 3402; x_wconf 87' lang='lat' dir='ltr'><em>Anno</em></span> 
     </span>
     <span class='ocr_line' id='line_1_25' title="bbox 931 3449 1159 3516; baseline 0.009 -2"><span class='ocrx_word' id='word_1_158' title='bbox 931 3449 1159 3516; x_wconf 82' lang='lat' dir='ltr'>MDOXXXII.</span> 
     </span>
    </p>

    <p class='ocr_par' dir='ltr' id='par_1_12' title="bbox 405 3565 1611 3652">
     <span class='ocr_line' id='line_1_26' title="bbox 405 3565 1611 3652; baseline 0.001 -21"><span class='ocrx_word' id='word_1_159' title='bbox 405 3567 466 3631; x_wconf 89' lang='lat' dir='ltr'><em>Hic</em></span> <span class='ocrx_word' id='word_1_160' title='bbox 494 3566 602 3631; x_wconf 90' lang='lat' dir='ltr'><em>titulus</em></span> <span class='ocrx_word' id='word_1_161' title='bbox 631 3567 736 3630; x_wconf 90' lang='lat' dir='ltr'><em>multis</em></span> <span class='ocrx_word' id='word_1_162' title='bbox 763 3566 871 3649; x_wconf 84' lang='lat' dir='ltr'><em>figuris</em></span> <span class='ocrx_word' id='word_1_163' title='bbox 896 3565 983 3648; x_wconf 83' lang='lat' dir='ltr'><em>ligno</em></span> <span class='ocrx_word' id='word_1_164' title='bbox 1013 3565 1122 3631; x_wconf 89' lang='lat' dir='ltr'><em>incisis</em></span> <span class='ocrx_word' id='word_1_165' title='bbox 1143 3567 1264 3631; x_wconf 89' lang='lat' dir='ltr'><em>cinctus</em></span> <span class='ocrx_word' id='word_1_166' title='bbox 1283 3573 1346 3648; x_wconf 75' lang='lat' dir='ltr'><em>est,</em></span> <span class='ocrx_word' id='word_1_167' title='bbox 1373 3587 1520 3652; x_wconf 86' lang='lat' dir='ltr'><em>suprema</em></span> <span class='ocrx_word' id='word_1_168' title='bbox 1543 3567 1611 3632; x_wconf 88' lang='lat' dir='ltr'><em>eius</em></span> 
     </span>
    </p>

    <p class='ocr_par' dir='ltr' id='par_1_13' title="bbox 405 3679 1611 3766">
     <span class='ocr_line' id='line_1_27' title="bbox 405 3679 1611 3766; baseline 0.001 -22"><span class='ocrx_word' id='word_1_169' title='bbox 405 3681 500 3762; x_wconf 88' lang='lat' dir='ltr'><em>linea,</em></span> <span class='ocrx_word' id='word_1_170' title='bbox 520 3681 656 3745; x_wconf 87' lang='lat' dir='ltr'><em>auctoris</em></span> <span class='ocrx_word' id='word_1_171' title='bbox 672 3700 785 3745; x_wconf 91' lang='lat' dir='ltr'><em>nornen</em></span> <span class='ocrx_word' id='word_1_172' title='bbox 802 3680 966 3762; x_wconf 84' lang='lat' dir='ltr'><em>exhibens,</em></span> <span class='ocrx_word' id='word_1_173' title='bbox 985 3685 1017 3744; x_wconf 91' lang='lat' dir='ltr'><em>et</em></span> <span class='ocrx_word' id='word_1_174' title='bbox 1030 3685 1092 3744; x_wconf 90' lang='lat' dir='ltr'><em>tres</em></span> <span class='ocrx_word' id='word_1_175' title='bbox 1105 3679 1241 3764; x_wconf 88' lang='lat' dir='ltr'><em>infimae,</em></span> <span class='ocrx_word' id='word_1_176' title='bbox 1252 3681 1364 3763; x_wconf 90' lang='lat' dir='ltr'><em>locurn,</em></span> <span class='ocrx_word' id='word_1_177' title='bbox 1378 3681 1611 3766; x_wconf 81' lang='lat' dir='ltr'><em>typographum</em></span> 
     </span>
    </p>

    <p class='ocr_par' dir='ltr' id='par_1_14' title="bbox 405 3793 1611 3993">
     <span class='ocr_line' id='line_1_28' title="bbox 406 3793 1611 3879; baseline 0.001 -21"><span class='ocrx_word' id='word_1_178' title='bbox 406 3814 584 3875; x_wconf 88' lang='lat' dir='ltr'><em>annumque</em></span> <span class='ocrx_word' id='word_1_179' title='bbox 605 3793 791 3877; x_wconf 87' lang='lat' dir='ltr'><em>indicantes,</em></span> <span class='ocrx_word' id='word_1_180' title='bbox 812 3815 832 3859; x_wconf 86' lang='lat' dir='ltr'><em>a</em></span> <span class='ocrx_word' id='word_1_181' title='bbox 854 3796 983 3879; x_wconf 91' lang='lat' dir='ltr'><em>reliquis</em></span> <span class='ocrx_word' id='word_1_182' title='bbox 1003 3795 1086 3859; x_wconf 93' lang='lat' dir='ltr'><em>tituli</em></span> <span class='ocrx_word' id='word_1_183' title='bbox 1109 3795 1203 3860; x_wconf 92' lang='lat' dir='ltr'><em>lineis</em></span> <span class='ocrx_word' id='word_1_184' title='bbox 1221 3801 1387 3879; x_wconf 79' lang='lat' dir='ltr'><em>separatae</em></span> <span class='ocrx_word' id='word_1_185' title='bbox 1412 3801 1484 3861; x_wconf 93' lang='lat' dir='ltr'><em>sunt</em></span> <span class='ocrx_word' id='word_1_186' title='bbox 1502 3794 1611 3879; x_wconf 86' lang='lat' dir='ltr'><em>figuris</em></span> 
     </span>
     <span class='ocr_line' id='line_1_29' title="bbox 405 3909 607 3993; baseline 0.005 -20"><span class='ocrx_word' id='word_1_187' title='bbox 405 3909 607 3993; x_wconf 85' lang='lat' dir='ltr'><em>interpositis.</em></span> 
     </span>
    </p>

    <p class='ocr_par' dir='ltr' id='par_1_15' title="bbox 406 4021 1610 4548">
     <span class='ocr_line' id='line_1_30' title="bbox 486 4021 1610 4107; baseline -0.001 -17"><span class='ocrx_word' id='word_1_188' title='bbox 486 4024 554 4090; x_wconf 90' lang='lat' dir='ltr'><em>Hoc</em></span> <span class='ocrx_word' id='word_1_189' title='bbox 574 4043 653 4107; x_wconf 91' lang='lat' dir='ltr'><em>opus</em></span> <span class='ocrx_word' id='word_1_190' title='bbox 672 4024 791 4088; x_wconf 86' lang='lat' dir='ltr'><em>formae</em></span> <span class='ocrx_word' id='word_1_191' title='bbox 803 4023 961 4088; x_wconf 83' lang='lat' dir='ltr'><em>maximae</em></span> <span class='ocrx_word' id='word_1_192' title='bbox 980 4023 1119 4088; x_wconf 89' lang='lat' dir='ltr'><em>continet</em></span> <span class='ocrx_word' id='word_1_193' title='bbox 1130 4024 1189 4086; x_wconf 82' lang='lat'><em>233</em></span> <span class='ocrx_word' id='word_1_194' title='bbox 1210 4021 1365 4106; x_wconf 81' lang='lat' dir='ltr'><em>plagulas,</em></span> <span class='ocrx_word' id='word_1_195' title='bbox 1384 4043 1516 4106; x_wconf 87' lang='lat' dir='ltr'><em>quarum</em></span> <span class='ocrx_word' id='word_1_196' title='bbox 1528 4024 1610 4089; x_wconf 84' lang='lat' dir='ltr'><em>duae</em></span> 
     </span>
     <span class='ocr_line' id='line_1_31' title="bbox 406 4135 1610 4223; baseline -0.002 -19"><span class='ocrx_word' id='word_1_197' title='bbox 406 4139 527 4223; x_wconf 88' lang='lat' dir='ltr'><em>priores</em></span> <span class='ocrx_word' id='word_1_198' title='bbox 548 4159 610 4203; x_wconf 91' lang='lat' dir='ltr'><em>uno</em></span> <span class='ocrx_word' id='word_1_199' title='bbox 632 4138 796 4220; x_wconf 84' lang='lat' dir='ltr'><em>asterisco,</em></span> <span class='ocrx_word' id='word_1_200' title='bbox 818 4143 881 4202; x_wconf 89' lang='lat' dir='ltr'><em>tres</em></span> <span class='ocrx_word' id='word_1_201' title='bbox 902 4138 1127 4220; x_wconf 87' lang='lat' dir='ltr'><em>subsequentes</em></span> <span class='ocrx_word' id='word_1_202' title='bbox 1148 4135 1270 4202; x_wconf 91' lang='lat' dir='ltr'><em>duobus</em></span> <span class='ocrx_word' id='word_1_203' title='bbox 1290 4137 1466 4220; x_wconf 78' lang='lat' dir='ltr'><em>asteriscis,</em></span> <span class='ocrx_word' id='word_1_204' title='bbox 1487 4143 1610 4204; x_wconf 84' lang='lat' dir='ltr'><em>ceterae</em></span> 
     </span>
     <span class='ocr_line' id='line_1_32' title="bbox 407 4252 1608 4337; baseline -0.002 -18"><span class='ocrx_word' id='word_1_205' title='bbox 407 4255 519 4319; x_wconf 89' lang='lat' dir='ltr'><em>litteris</em></span> <span class='ocrx_word' id='word_1_206' title='bbox 541 4254 658 4335; x_wconf 86' lang='lat' dir='ltr'><em>A—Z,</em></span> <span class='ocrx_word' id='word_1_207' title='bbox 677 4254 727 4317; x_wconf 87' lang='lat' dir='ltr'><em>Aa</em></span> <span class='ocrx_word' id='word_1_208' title='bbox 739 4290 766 4298; x_wconf 75' lang='lat'>-</span> <span class='ocrx_word' id='word_1_209' title='bbox 778 4253 830 4334; x_wconf 83' lang='lat' dir='ltr'><em>Za,</em></span> <span class='ocrx_word' id='word_1_210' title='bbox 850 4252 1042 4334; x_wconf 80' lang='lat' dir='ltr'><em>Asa-Zau,</em></span> <span class='ocrx_word' id='word_1_211' title='bbox 1066 4253 1155 4317; x_wconf 84' lang='lat' dir='ltr'><em>Aaaa</em></span> <span class='ocrx_word' id='word_1_212' title='bbox 1168 4253 1293 4332; x_wconf 82' lang='lat' dir='ltr'><em>-Zzzz,</em></span> <span class='ocrx_word' id='word_1_213' title='bbox 1317 4253 1608 4337; x_wconf 83' lang='lat' dir='ltr'><em>Anaua—Yyyyy‚</em></span> 
     </span>
     <span class='ocr_line' id='line_1_33' title="bbox 406 4366 1608 4453; baseline -0.002 -20"><span class='ocrx_word' id='word_1_214' title='bbox 406 4388 537 4452; x_wconf 88' lang='lat' dir='ltr'><em>quarum</em></span> <span class='ocrx_word' id='word_1_215' title='bbox 557 4387 700 4453; x_wconf 85' lang='lat' dir='ltr'><em>quaeque</em></span> <span class='ocrx_word' id='word_1_216' title='bbox 722 4366 801 4432; x_wconf 86' lang='lat' dir='ltr'><em>duas</em></span> <span class='ocrx_word' id='word_1_217' title='bbox 821 4366 929 4450; x_wconf 81' lang='lat' dir='ltr'><em>plsgg.</em></span> <span class='ocrx_word' id='word_1_218' title='bbox 942 4367 1168 4450; x_wconf 87' lang='lat' dir='ltr'><em>complectitur,</em></span> <span class='ocrx_word' id='word_1_219' title='bbox 1188 4367 1334 4450; x_wconf 82' lang='lat' dir='ltr'><em>signatae</em></span> <span class='ocrx_word' id='word_1_220' title='bbox 1353 4373 1433 4432; x_wconf 89' lang='lat' dir='ltr'><em>sunt.</em></span> <span class='ocrx_word' id='word_1_221' title='bbox 1473 4368 1608 4450; x_wconf 83' lang='lat' dir='ltr'><em>Pagina-</em></span> 
     </span>
     <span class='ocr_line' id='line_1_34' title="bbox 406 4479 902 4548; baseline -0.006 0"><span class='ocrx_word' id='word_1_222' title='bbox 406 4503 474 4548; x_wconf 90' lang='lat' dir='ltr'><em>rum</em></span> <span class='ocrx_word' id='word_1_223' title='bbox 493 4483 614 4548; x_wconf 88' lang='lat' dir='ltr'><em>numeri</em></span> <span class='ocrx_word' id='word_1_224' title='bbox 633 4482 760 4548; x_wconf 88' lang='lat' dir='ltr'><em>omnino</em></span> <span class='ocrx_word' id='word_1_225' title='bbox 780 4479 902 4547; x_wconf 87' lang='lat' dir='ltr'><em>desunt.</em></span> 
     </span>
    </p>
   </div>
   <div class='ocr_carea' id='block_1_7' title="bbox 0 0 1878 5720">
    <p class='ocr_par' dir='ltr' id='par_1_16' title="bbox 0 0 1878 5720">
     <span class='ocr_line' id='line_1_35' title="bbox 0 0 1878 5720; baseline 0 0"><span class='ocrx_word' id='word_1_226' title='bbox 0 0 1878 5720; x_wconf 95' lang='lat' dir='ltr'><em> </em></span> 
     </span>
    </p>
   </div>
  </div>
 </body>
</html>
