3738 5720
655 561 936 614 enonasomnur.
1395 537 1435 610 'xr

234 710 319 774 XVI.
343 710 499 789 adultum,
527 708 560 773 id
581 714 629 772 est
651 709 693 771 ad
719 711 794 770 1526
821 709 900 774 forte
920 716 951 773 et
971 709 1052 773 ultra
1074 706 1235 791 impressis
1256 710 1435 769 constanter

234 823 363 906 legitur,
383 845 422 888 ex
442 844 503 906 quo
522 823 736 904 consequitur,
756 823 838 888 hanc
860 823 985 887 tertiam
1004 822 1135 886 formam
1156 829 1307 884 resectam
1329 817 1434 900 quoad

234 937 406 1002 sententias
437 939 470 1000 in
493 936 678 1019 anglicanis
706 937 880 1019 longiores,
903 941 935 1000 et
955 936 1104 1000 leviorem
1124 933 1280 999 redditam
1301 933 1347 996 ita
1367 932 1433 1015 pla-

234 1051 344 1130 cuisse,
364 1056 398 1113 ut
419 1049 567 1134 deinceps
588 1051 630 1114 ab
653 1049 796 1114 omnibus
818 1057 952 1134 excepta
968 1051 1008 1114 sit
1030 1055 1061 1112 ct
1081 1049 1198 1130 ubique
1216 1046 1433 1129 multiplicata.

233 1164 309 1228 Eius
339 1163 457 1228 formae
486 1165 689 1229 concinnator
721 1164 919 1249 apluribus‚
948 1163 1044 1228 etiarn
1071 1183 1090 1226 a
1118 1160 1252 1240 Quetific
1278 1160 1435 1224 iudicatur

234 1276 373 1342 eiusdem
401 1277 655 1343 Praedicatcrnm
686 1278 814 1345 Ordinis
840 1277 959 1342 sodalis
986 1274 1196 1342 Conradus
1222 1275 1433 1340 Albersta-

233 1391 363 1456 tensis
398 1392 521 1456 senior¹
566 1392 617 1456 vel
646 1392 857 1457 Conradus
881 1391 927 1456 de
956 1391 1198 1455 Halberstat
1225 1393 1433 1472 nuncupatae,

233 1504 286 1585 qui
308 1505 366 1570 sub
388 1505 481 1570 finem
503 1506 599 1570 seculi
624 1507 713 1570 XIII.
735 1505 882 1585 florebat,
905 1511 937 1569 et
958 1523 1041 1569 anno
1065 1505 1151 1584 1321,
1172 1503 1220 1566 vir
1241 1503 1305 1566 iarn
1327 1502 1435 1585 gravis

232 1617 265 1680 in
296 1618 433 1700 capitulo
461 1619 601 1701 generali
628 1617 809 1683 Florentiae
832 1637 907 1682 suae
936 1616 1119 1701 provinciae
1140 1616 1298 1680 saxoniae
1320 1613 1434 1678 diffini-

234 1735 282 1795 tor
302 1730 391 1795 sedit.

312 1845 611 1911 Concomantiamm
646 1847 737 1910 huius
772 1847 897 1929 generis
929 1845 1037 1909 titulus
1073 1849 1137 1909 est:
1185 1843 1434 1908 Concordoatc'ae

233 1960 377 2038 maebree,
399 1984 467 2022 eum
489 1960 736 2040 declinabilium,
758 1963 922 2044 utru'ruoquc
944 1960 1154 2036 e‘rrstrumerrtt’,
1178 1970 1241 2020 tam
1262 1955 1434 2019 indeclina-

232 2071 343 2134 bilium
366 2073 545 2136 debetorum.
600 2075 644 2140 Ut
668 2075 765 2139 lector
793 2079 978 2157 cognoscat,
1006 2070 1160 2155 quomodo
1183 2069 1433 2136 concordantiae

231 2185 324 2250 huius
355 2187 466 2252 tertiae
499 2187 618 2252 formae
643 2190 684 2253 ab
713 2189 776 2252 illis
803 2187 990 2270 Anglicanis
1015 2185 1236 2270 prolixioribus
1266 2190 1298 2249 et
1329 2182 1434 2247 verbis

231 2298 337 2362 allatis
357 2306 388 2364 et
409 2302 546 2384 capitum
560 2302 716 2366 divisione
728 2302 885 2382 differant,
907 2301 1018 2366 eadem
1037 2299 1220 2383 specimina,
1238 2318 1318 2380 quac
1338 2315 1434 2380 supra

231 2431 271 2475 ex
291 2412 353 2476 illis
376 2415 483 2495 attuli,
511 2437 550 2480 ex
575 2415 625 2479 his
647 2416 757 2480 itidem
784 2416 934 2495 exhibeo,
964 2413 1134 2479 secundum
1154 2411 1324 2476 editionem
1345 2409 1433 2475 Basi-

233 2526 370 2591 lcenscm
391 2529 466 2592 anni
490 2532 575 2593 1521.
619 2530 687 2594 Fol.
709 2530 791 2594 infra
813 2528 1053 2595 recensendam:

809 2694 858 2756 Aa

303 2791 403 2851 Hiere.
428 2791 452 2848 ’1.
472 2792 499 2848 b.
524 2797 583 2850 Aaa
605 2793 721 2851 dominc
740 2794 814 2850 daus
837 2812 903 2850 coco
924 2789 1023 2849 nescio
1042 2790 1132 2870 loqui.

399 2890 443 2949 14.
464 2892 491 2948 b.
516 2893 660 2966 prophete
682 2891 786 2949 dicunt
806 2890 857 2949 eis.

303 2986 407 3043 Ezech.
430 2985 455 3044 4.
475 2988 501 3044 d.
523 2987 639 3044 domine
661 2987 733 3044 deus
757 2987 853 3043 anima
874 3005 937 3044 mea
959 3005 1018 3042 non
1041 2989 1094 3042 est.

401 3080 447 3140 20.
470 3102 495 3154 g.
518 3083 634 3141 domine
658 3084 731 3140 deus
752 3082 809 3158 ipsi
832 3082 942 3140 dicunt.

303 3177 393 3235 Iohel.
414 3177 438 3235 1.
457 3180 484 3236 d.
505 3179 580 3236 dici:
605 3178 676 3256 quia
694 3199 783 3254 prope
806 3183 852 3236 cst
873 3180 935 3238 dies
960 3178 1076 3238 domini.

776 3327 882 3390 Aaron
982 3347 985 3352 ·

304 3425 377 3483 Exo.
400 3424 426 3479 d.
450 3443 472 3480 c.
494 3425 663 3496 egredietur
684 3425 714 3482 in
735 3445 896 3482 occursum.

400 3519 426 3576 7.
449 3541 472 3578 a.
494 3521 551 3578 erit
573 3522 716 3596 propheta
736 3530 815 3580 tuus.

384 3614 426 3673 17.
450 3617 477 3685 d.
499 3623 529 3673 et
549 3619 605 3673 hur
625 3617 830 3674 sustentabant
850 3636 959 3674 manus,
981 3621 1035 3674 etc.

278 3805 284 3835 ¹
308 3801 378 3857 Eius
400 3802 487 3859 uitam
510 3801 666 3876 descripsit
686 3803 794 3865 Quetif
812 3801 830 3858 l.
851 3802 869 3858 l.
891 3803 923 3859 Τ.
949 3804 971 3862 Ι.
991 3822 1018 3877 p.
1041 3802 1100 3860 aro
1121 3822 1178 3879 sq.,
1208 3803 1260 3860 ubi
1285 3802 1373 3859 etiam
1395 3804 1431 3860 do

232 3897 325 3954 altero
362 3895 493 3952 eiusdem
529 3896 655 3952 nominis
689 3898 796 3954 iuniori
826 3897 952 3954 disserit.
982 3931 1020 3939 —
1055 3880 1166 3954 Eodem
1198 3899 1326 3960 Quetitio
1356 3905 1431 3957 tosto

232 3997 331 4049 exstat
350 3997 433 4049 vetus
456 3995 560 4051 harum
577 3995 853 4053 Concordantiarum
874 3995 906 4051 in
927 3996 1000 4070 ipsis
1015 3995 1226 4071 typographiae
1243 3995 1431 4054 incunabulis

232 4089 324 4146 editio
349 4089 459 4164 absque
482 4089 560 4158 loco,
591 4109 666 4148 anno
686 4092 731 4148 rcI
754 4092 870 4149 nomine
898 4091 1090 4168 typographi,
1119 4110 1242 4166 quarum
1264 4090 1431 4166 exemplum

229 4183 281 4241 fot
307 4205 381 4241 max.
431 4183 552 4243 Parisiis
582 4187 613 4244 in
640 4188 832 4244 Eremitarum
855 4189 1134 4259 augustinianorum
1159 4186 1338 4244 bibliotheca
1354 4187 1430 4261 'ipse

231 4281 318 4352 vidit,
342 4283 378 4337 ad
400 4283 484 4340 cuius
507 4283 616 4341 calcem
639 4283 680 4340 sic
702 4284 826 4356 legitur:
859 4288 906 4342 Fr.
933 4288 1058 4342 Conrodi
1079 4288 1113 4341 de
1137 4285 1319 4354 Hotberstot,
1347 4283 1430 4340 ouius

231 4375 307 4434 forte
329 4397 434 4435 nomen
456 4380 487 4434 in
508 4379 607 4436 codice
627 4379 694 4451 MS,
715 4399 801 4456 quem
823 4381 1012 4460 excipiebant
1033 4379 1168 4451 editores,
1192 4380 1235 4437 sic
1255 4379 1429 4454 inscriptum

230 4474 412 4533 invenerunt.
