3728 5726
408 519 470 571 LVI
571 593 577 604 .
873 518 1152 573 PROLEGOMENA.

489 666 526 730 ln
547 665 743 749 praefatione
769 665 811 731 ad
839 667 985 732 lectorem
1007 671 1116 730 auctor
1136 663 1243 747 refert,
1272 665 1404 730 latinam
1428 667 1608 749 graecarum
1631 705 1633 707 -

400 799 523 845 ‚vocum
543 779 832 863 interpretationem
852 780 1049 864 desumptam
1071 798 1141 846 esse
1162 799 1202 844 ex
1215 779 1329 844 Bibliis
1350 800 1433 844 anno
1453 782 1536 842 1550.
1556 799 1611 861 per
1678 851 1688 868 ,

410 892 585 975 columnas,
612 893 712 958 forma
735 895 774 958 8².
796 895 943 962 Basilcae
971 912 1085 976 graece
1113 893 1274 976 latineque
1295 893 1435 974 exmusis3
1472 892 1610 958 radicum
1658 875 1661 882 ⁴

334 1063 337 1070 .
413 1006 632 1073 hebraicarum
653 1007 942 1092 interpretationem
960 1028 999 1072 cx
1014 1007 1165 1072 Iohannis
1178 1008 1317 1073 Forsteri
1328 1008 1461 1090 chico,
1481 1015 1512 1072 et
1531 1026 1612 1089 quac

411 1121 524 1186 litteris
538 1123 568 1185 S.
577 1123 610 1186 P.
626 1121 793 1206 designata
808 1124 858 1205 sit,
871 1143 911 1188 ex
919 1123 1080 1188 Thesauro
1094 1122 1219 1188 Sanctis
1229 1122 1364 1206 Pagnini
1377 1142 1446 1187 esse
1461 1123 1599 1206 petitam.

492 1235 541 1299 Ex
565 1235 621 1300 illa
641 1235 853 1327 descriptione
874 1236 1068 1319 intelligitur,
1090 1235 1149 1301 hoc
1168 1255 1258 1320 opuS,
1273 1242 1428 1318 quatenus
1441 1235 1481 1300 ad
1497 1235 1612 1300 versio-

412 1369 485 1414 nem
506 1350 596 1415 LXX
616 1352 824 1434 Interpretum
845 1351 996 1435 pertinet,
1018 1370 1092 1434 ergo
1113 1355 1180 1415 tota
1200 1351 1277 1414 Pars
1297 1351 1322 1414 Ι.
1344 1356 1376 1415 et
1396 1350 1514 1434 priores
1540 1352 1610 1430 llll

414 1463 562 1548 plagulae
581 1465 685 1530 Partis
705 1466 745 1531 ΙΙ.
767 1486 830 1531 non
847 1463 1190 1530 vereConcordantias
1211 1464 1530 1548 graeco-hebraicas,
1557 1462 1625 1527 sed

412 1578 517 1661 potius
537 1579 846 1663 hebraico-graecas
867 1578 1031 1661 exhibere,
1056 1579 1174 1663 quippe
1203 1578 1288 1660 quod
1313 1579 1419 1643 omnia
1444 1577 1614 1644 secundum

412 1711 505 1757 voces
525 1693 690 1758 hebraicas
710 1693 912 1778 alphabetico
930 1713 986 1757 suo
1005 1693 1114 1758 ordine
1137 1693 1251 1758 allatas
1271 1692 1398 1776 digesta
1417 1698 1504 1774 sunt,
1530 1691 1614 1756 unde

412 1806 527 1888 elucet,
553 1807 705 1872 Kirchero
729 1809 923 1892 propositum
938 1808 1051 1873 't'uissc
1077 1828 1139 1872 uno
1167 1813 1337 1891 conspeetu
1360 1807 1508 1872 continua
1534 1807 1614 1875 serie
1660 1833 1667 1849 ·

333 1936 336 1944 ·
388 1922 589 2004 declarare,
617 1930 692 2007 quot
711 1923 813 1989 modis
837 1923 1001 2007 atquibus
1022 1923 1185 1989 vocabulis
1206 1943 1423 2006 quameunque
1445 1921 1614 1988 dictionem

412 2037 593 2102 hebraicam
614 2039 826 2123 expresserint
837 2040 928 2104 LXX
949 2041 1150 2124 Interpretes.
1191 2037 1331 2104 Indieem
1354 2057 1439 2115 vero,
1460 2043 1615 2119 quatenus

412 2153 536 2235 integra
558 2153 695 2218 locomm
716 2153 901 2219 biblieorum
923 2154 1020 2219 verba
1041 2153 1177 2236 exhibet,
1201 2151 1449 2218 Concordantias
1467 2151 1615 2215 librorum

412 2266 663 2350 apocryphorum
690 2267 852 2352 appellare
879 2267 953 2334 licet
979 2270 1182 2350 (quamquam
1209 2267 1338 2332 minime
1371 2285 1478 2331 omnes
1505 2265 1615 2330 horum

411 2379 561 2446 librorum
578 2402 672 2447 voces
692 2383 733 2448 ab
751 2402 789 2447 eo
813 2383 858 2447 ibi
880 2383 996 2448 relatae
1014 2385 1115 2464 sunt),
1137 2382 1287 2464 quoniam
1305 2400 1413 2446 omnes
1431 2373 1484 2445 illi¹
1493 2380 1555 2444 loci
1575 2399 1614 2443 cx

411 2494 488 2560 solis
500 2495 589 2560 libris
604 2497 795 2580 apocryphis
807 2497 994 2578 afferuntur;
1015 2497 1076 2562 loci
1091 2497 1245 2562 versionis
1259 2511 1332 2560 Lxx
1346 2497 1554 2578 Interpretum
1569 2493 1613 2558 ibi

413 2628 475 2672 non
498 2609 560 2693 ipsi
581 2608 734 2694 adscripti
757 2616 838 2690 sunt,
860 2610 916 2675 sed
932 2610 1030 2676 lector
1051 2611 1093 2675 ad
1116 2611 1251 2695 paginas
1267 2607 1523 2694 praecedentium
1535 2607 1613 2672 Con·
1652 2684 1655 2690 ¹
1716 2599 1723 2615 '

412 2715 659 2805 eordantiarum,
679 2723 733 2788 ubi
754 2724 843 2788 allati
864 2731 951 2806 sunt,
972 2724 1144 2808 delegatur.
1344 2809 1350 2820 Ι

411 2829 434 2852 ”
492 2835 545 2917 Ut,
562 2835 646 2918 quod
660 2836 700 2902 de
722 2836 814 2902 huius
836 2838 940 2922 operis
960 2838 1082 2903 ratione
1103 2837 1196 2902 modo
1214 2837 1291 2916 dixi,
1313 2837 1428 2902 elarius
1446 2855 1614 2919 cognosca-

411 2956 470 3030 tur,
491 2950 673 3033 speciminis
698 2951 797 3016 instar
819 2952 943 3016 initium
964 2952 1104 3036 ipsarum
1119 2951 1428 3032 Ooncordantiarum,
1449 2956 1481 3016 et
1499 2949 1615 3014 deinde

411 3059 536 3126 initium
558 3062 678 3129 Indicis
699 3064 728 3128 h.
752 3064 771 3128 l.
796 3084 946 3149 propono.

880 3232 1017 3316 vas
1057 3233 1154 3312 :ef

664 3361 722 3443 lii„
761 3359 965 3442 Germinatio,
984 3359 1302 3442 arbustum,.l'ruotu8,
1322 3360 1415 3424 viror.

819 3511 821 3516 “
850 3505 1015 3572 ῬΙΖΑ.
1038 3507 1171 3602 Radix.

413 3623 479 3688 Iob.
497 3583 581 3705 8,'12
663 3620 705 3684 i'rt
725 3616 761 3684 ὂν
780 3621 825 3684 ἐπὶ
848 3621 938 3705 ῥίζης,
961 3623 1009 3684 καὶ
1032 3620 1068 3684 cri
1090 3623 1134 3704 μὴ
1157 3625 1309 3705 depacti&

749 3753 1059 3833 ΓΕΝΝΗΜΑ.
1102 3771 1281 3838 (teneram.
1398 3829 1400 3834 .
1522 3769 1529 3783 ·

414 3886 503 3951 Cant.
520 3889 549 3968 6,
571 3889 608 3949 10
663 3884 793 3966 κατέβην
815 3885 885 3946 ἰδεῖν
907 3884 937 3946 ἓν
958 3881 1118 3966 γεννήματι

772 3995 912 4081 [ὀπώρας
931 4001 1015 4084 Syru.
1037 4001 1154 4080 καρπὸν
1174 4001 1257 4082 alit]

459 4160 602 4217 'Praeter
623 4160 675 4216 has
698 4158 770 4214 duas
792 4177 875 4214 voces
896 4157 1032 4232 inopere
1053 4156 1117 4232 ipso
1141 4147 1212 4214 huic
1233 4157 1383 4216 columnae
1403 4158 1544 4234 inscripta
1568 4169 1614 4218 cst

413 4256 500 4315 etiam
522 4257 611 4314 tertia
629 4261 685 4312 uox
709 4270 786 4328 aas,
808 4253 876 4331 quia
890 4253 921 4311 in
944 4255 1001 4312 fine
1021 4255 1108 4312 huius
1130 4254 1283 4312 columnae
1302 4257 1376 4313 haee
1396 4276 1513 4334 quoque
1527 4257 1613 4314 radix

413 4355 544 4413 affertur.
587 4353 673 4418 Quod
697 4353 773 4411 hanc
800 4353 830 4410 in
855 4351 1014 4427 specimine
1033 4352 1234 4427 praetermisi,
1256 4352 1344 4410 ctiam
1367 4353 1398 4410 in
1420 4352 1611 4428 inscriptione

413 4449 520 4508 omissa
540 4455 593 4510 est.
