3738 5720
649 1362 950 1428 PRAEFATIO.

277 1635 344 1698 lloe
366 1635 666 1700 Coneordantiarum
686 1636 920 1700 Homeriearum
942 1625 1114 1720 speoimiue
1142 1657 1179 1700 ee
1202 1636 1396 1718 Prolegome-

197 1770 246 1833 nis
268 1769 297 1833 ei
319 1771 467 1853 praefixis
490 1772 614 1852 assequi
636 1770 762 1852 studeo,
783 1777 817 1834 ut
840 1771 923 1835 idem
940 1771 1066 1852 fruetus
1085 1791 1177 1853 quem
1199 1771 1397 1836 Concordem-

198 1905 262 1968 tiae
285 1905 428 1970 Biblieae
456 1906 519 1969 ianr
547 1906 620 1971 inde
649 1927 669 1970 a
695 1907 799 1971 seeulo
829 1908 917 1970 XIII.
948 1907 1129 1989 Seripturae
1155 1926 1264 1971 samue
1293 1906 1396 1971 studio

198 2041 382 2123 attulerunt,
413 2041 569 2106 similibus
597 2041 686 2106 libris
722 2042 818 2106 etiam
854 2042 995 2106 classicis
1026 2041 1206 2107 auctor-ibus
1240 2042 1397 2106 afferatur.

198 2175 299 2253 Quam
325 2177 365 2241 ob
387 2197 452 2241 rem
474 2176 774 2242 Coneordantiarum
795 2177 987 2242 Bibliearum
1009 2178 1163 2260 originem
1186 2197 1398 2262 progressum-

199 2331 260 2393 que
282 2314 423 2396 exposui,
445 2332 562 2395 easque
588 2313 738 2396 singulas,
760 2319 911 2396 quotquot
932 2313 1009 2377 mihi
1031 2314 1239 2395 innotuerunt,
1257 2314 1397 2412 reoensui

199 2446 310 2512 addito
335 2468 375 2513 ex
396 2449 452 2530 iis,
479 2469 559 2530 quas
581 2455 636 2530 aut
655 2449 724 2533 ipse
746 2449 909 2533 possideo,
937 2456 992 2513 aut
1012 2469 1052 2514 ex
1078 2449 1177 2514 tribus
1199 2449 1291 2513 huius
1311 2448 1398 2512 urbis
1487 2455 1491 2462 '

201 2583 415 2666 Bibliotheois,
437 2585 556 2650 seilicet
573 2585 674 2668 Regia
691 2585 891 2667 Academica,
915 2565 1188 2669 Orphanotrophei
1209 2591 1241 2648 et
1255 2584 1398 2648 Mariana

201 2721 412 2802 comportavi,
433 2721 620 2804 specimine,
642 2739 682 2785 ex
703 2740 764 2803 quo
783 2722 881 2809 leotor
902 2721 1025 2786 t'aeilius
1047 2725 1216 2803 eognoscat
1236 2720 1399 2801 rationem,

199 2874 263 2936 qua
283 2827 363 2920 liaeo
384 2876 480 2939 opera
501 2857 669 2921 utilissima
691 2857 753 2922 sint
774 2858 971 2933 concinnata.

285 2991 334 3054 Ex
357 2991 413 3054 illa
435 2991 567 3056 historia
589 2993 801 3074 unusquisque
821 2969 986 3076 intelliget,
1009 2993 1215 3074 Seberum,
1236 2992 1289 3074 qui
1305 2992 1399 3070 solus,

200 3125 285 3208 quod
313 3127 393 3207 seio,
420 3126 579 3209 hueusque
606 3128 759 3192 eiusmodi
789 3148 867 3210 opus
889 3128 929 3193 de
950 3129 1082 3193 elassieo
1103 3135 1229 3192 auotore
1250 3121 1398 3211 perlicere

200 3269 331 3326 conatus
355 3268 418 3343 est,
445 3263 479 3326 in
506 3262 618 3327 iiSdem
639 3263 739 3328 initiis
761 3264 896 3345 versari,
923 3264 1035 3346 quibus
1057 3265 1166 3346 Hugo
1184 3263 1231 3328 de
1251 3265 1398 3329 Sancto

199 3397 345 3478 Charo,
365 3397 663 3463 Coneordantiarum
674 3399 866 3463 Biblioarum
878 3400 1183 3481 iuventor,versatus
1205 3405 1268 3480 est;
1288 3398 1398 3463 eodem

200 3533 299 3615 igitur
326 3533 409 3613 iure,
437 3554 498 3616 quo
519 3534 662 3616 Hugonis
685 3554 764 3618 opus
786 3534 1085 3599 Conoordarrtiarum
1113 3534 1203 3599 titulo
1223 3535 1401 3616 insignitur,

199 3668 294 3732 etiem
308 3668 417 3732 Seberi
439 3668 580 3734 Indioem
601 3670 660 3734 hoo
681 3670 771 3734 titulo
790 3689 860 3734 esse
881 3669 1020 3753 dignum,
1044 3670 1161 3753 quippe
1183 3670 1266 3752 quod
1287 3670 1392 3733 utrius·

198 3822 258 3884 que
286 3804 391 3886 operis
418 3805 498 3869 ratio
528 3806 654 3869 omnino
683 3806 824 3888 aequalis
849 3811 905 3869 est.
963 3806 1061 3870 Siouti
1088 3825 1162 3869 vero
1190 3826 1229 3870 ex
1255 3805 1398 3888 Hugonis

197 3939 361 4002 elementis
383 3940 476 4021 paulo
498 3945 570 4023 post
592 3941 788 4026 uluplr'oouoe
809 3948 840 4005 et
861 3944 1011 4019 orou'ores,
1035 3961 1116 4023 quae
1137 3941 1298 4021 dieuutur,
1319 3941 1397 4005 Con·
1495 3987 1497 3992 ·

198 4074 380 4139 eordantiae
402 4095 496 4139 verae
517 4083 604 4140 ortae
624 4083 704 4156 sunt,
723 4078 769 4141 sio
789 4097 872 4141 nuno
890 4097 930 4140 ex
951 4077 1060 4142 Seberi
1081 4078 1179 4141 initiis
1200 4097 1302 4141 meum
1328 4096 1397 4158 spe-

198 4210 316 4291 oimerr,
344 4211 377 4273 in
407 4230 468 4292 quo
494 4231 569 4275 usus
596 4231 664 4276 sum
686 4213 866 4278 Carmirrum
894 4214 1022 4278 Homeri
1050 4212 1188 4278 editione
1208 4218 1396 4294 stereotypa,

198 4363 279 4425 quae
307 4343 478 4409 seeundum
503 4347 718 4411 reeensionem
737 4346 842 4411 Wolfii
865 4367 935 4411 oum
957 4349 1152 4431 praelatione
1173 4347 1300 4412 Godol'r.
1320 4348 1395 4411 Her-

197 4479 305 4542 manni
326 4479 443 4562 prodiit
464 4482 593 4566 Lipsiae
614 4483 700 4566 apud
721 4484 791 4549 Car.
813 4483 1035 4548 Tauohnitium
1061 4485 1144 4546 1825.
1167 4484 1201 4545 8⁰
1221 4483 1295 4546 min.
1367 4556 1372 4563 .
