3728 5726
355 601 358 608 ⁴
416 552 528 604 LXXIV
886 553 1166 606 PROLEGOMENA.

455 699 511 762 ΠΙ.
525 698 671 764 Oseitans
695 698 845 764 salsorum
866 699 1053 764 Thematum
1078 701 1132 778 [ita
1157 701 1241 765 enim
1268 700 1332 764 iam
1360 699 1501 781 singulas
1524 717 1621 762 voces

565 813 597 877 in
627 813 732 897 capite
765 813 903 879 locorum
935 813 1141 898 allegatorum
1170 815 1291 899 positas
1324 814 1486 898 appellare
1512 813 1617 890 liceat]

564 928 754 1007 constitutio,
777 947 858 1010 quae
878 929 970 1013 plura
986 933 1059 994 sunt
1079 935 1111 994 et
1131 929 1267 1010 rudiora,
1288 949 1383 1012 quam
1402 934 1437 993 ut
1455 927 1618 1011 Stephano

564 1041 745 1108 doctissimo
766 1043 881 1108 ascribi
904 1044 1049 1125 queant.“

416 1159 675 1240 Unamquamquc
701 1156 812 1223 harum
834 1157 1075 1240 castigationum
1095 1158 1257 1223 confirmat
1277 1156 1439 1242 permultis
1464 1155 1620 1239 exemplis

415 1273 480 1352 (hic
495 1293 515 1336 a
534 1291 585 1336 me
606 1272 858 1355 praetermissis),
880 1278 912 1336 et
923 1271 1060 1355 denique
1075 1272 1178 1338 addit:
1200 1273 1308 1354 „Quae
1321 1271 1427 1337 omnia
1441 1271 1532 1336 simul
1546 1289 1618 1334 con·

414 1386 553 1452 siderata
577 1421 612 1431 -
626 1423 664 1432 —
685 1386 820 1463 iaciunt,
847 1392 882 1451 ut
909 1387 986 1450 mihi
1006 1387 1189 1471 persuaderi
1217 1407 1279 1452 non
1301 1387 1422 1471 patiar,
1448 1384 1619 1450 Henricum

414 1501 609 1585 Stephanum
630 1504 676 1578 (at
696 1505 846 1583 quantum
867 1501 975 1565 Virum
983 1502 1005 1582 l)
1025 1507 1089 1566 tam
1110 1501 1346 1586 multiplicium,
1367 1519 1557 1580 crassorum,
1585 1503 1619 1578 et

414 1617 447 1680 in
467 1615 542 1681 Viro
562 1636 624 1680 non
647 1614 738 1680 docto
761 1621 891 1696 tantum,
914 1615 970 1680 sed
991 1615 1181 1697 doctissimo,
1203 1617 1332 1680 minime
1352 1616 1404 1680 vel
1426 1634 1482 1699 per
1504 1613 1617 1679 febrim

414 1728 676 1811 somniandorum,
698 1734 752 1793 aut
770 1720 1030 1813 suspicandorum
1049 1737 1219 1795 erratorum
1233 1737 1373 1795 autorem
1390 1749 1467 1795 esse.
1508 1728 1617 1792 Potius

415 1845 528 1923 [dicam
549 1845 684 1927 ingenue
706 1843 782 1925 quid
799 1844 942 1925 sentiam,
961 1845 1041 1909 citra
1062 1845 1158 1909 ullam
1178 1846 1284 1910 labem
1301 1845 1381 1909 tanti
1395 1845 1473 1925 Viri,
1493 1843 1543 1908 oui
1559 1863 1616 1927 pro

412 1959 588 2046 noodpoptp
617 1959 650 2022 in
678 1958 738 2023 hoc
764 1978 894 2041 genere,
922 1959 1067 2042 ingentes
1088 1960 1199 2024 merito
1226 1965 1298 2025 sunt
1319 1958 1464 2042 agendae
1484 1958 1616 2041 gratiae]

292 2099 295 2106 ·
413 2074 574 2153 existimo,
607 2073 759 2156 optimum
791 2073 879 2136 illum
910 2073 1034 2152 Virum,
1070 2075 1142 2138 aliis
1175 2075 1257 2139 curis
1284 2081 1316 2140 ot
1343 2074 1448 2157 operis
1475 2072 1617 2156 pluribus

413 2187 605 2269 districtum,
630 2187 770 2251 laborem
790 2187 848 2251 has
864 2187 1112 2253 Concordantias
1132 2189 1340 2254 concinnandi
1360 2188 1453 2253 certis
1474 2187 1617 2271 personis

413 2323 469 2386 pro
498 2307 583 2367 certo
610 2300 768 2386 stipendio
795 2302 949 2383 elocasse,
978 2322 1084 2369 eorum
1110 2303 1286 2369 industriae
1316 2303 1418 2368 minus
1443 2302 1616 2367 industriae

413 2417 544 2482 nimium
564 2415 687 2498 fidisse,
709 2424 740 2480 et
761 2417 807 2480 ita
828 2417 886 2481 sub
907 2435 963 2482 suo
984 2418 1110 2482 nomine
1129 2437 1208 2501 opus
1228 2418 1288 2482 hoo
1308 2417 1474 2483 edidisse.“

492 2532 581 2596 Licet
607 2537 711 2596 autem
740 2531 799 2596 hoc
825 2551 905 2615 opus
932 2533 1031 2596 multa
1051 2533 1211 2597 contineat
1231 2531 1499 2616 reprehendenda,
1521 2551 1616 2596 unum

412 2652 517 2711 tamen
539 2646 572 2708 in
591 2645 727 2710 Betuleii
750 2665 844 2729 opere
863 2646 958 2711 valde
978 2645 1190 2712 desideratum
1212 2647 1244 2712 iu
1266 2647 1326 2712 hoc
1345 2647 1512 2729 invenitur,
1531 2645 1616 2728 quod

412 2766 539 2844 propter
558 2779 708 2842 magnum
726 2759 860 2825 fructum
880 2760 988 2826 lectori
1010 2780 1050 2825 ex
1072 2781 1110 2827 eo
1130 2761 1358 2826 redundantem
1384 2781 1501 2844 magna
1521 2759 1617 2825 laude

412 2873 543 2958 dignum
563 2880 626 2955 est,
647 2894 761 2958 nempe
772 2875 995 2940 versiculorum
1008 2864 1129 2940 numeri
1144 2876 1280 2941 numeris
1299 2877 1439 2959 capitum
1453 2875 1615 2959 adscripti.

412 2990 536 3073 Operae
559 2989 694 3072 pretium
715 2995 772 3070 est,
793 2989 833 3053 de
854 2989 914 3054 hac
934 3010 983 3070 re,
1011 3010 1092 3071 quae
1119 2991 1255 3056 Roberto
1277 2991 1438 3074 Stephano
1458 2991 1615 3055 inventori

412 3105 552 3185 debetur,
573 3123 612 3168 ex
629 3104 758 3168 Henrici
780 3103 935 3187 Stephani
959 3105 1155 3188 praefatione
1175 3126 1246 3169 eam
1268 3111 1389 3189 partem
1408 3105 1438 3168 h.
1455 3106 1473 3169 l.
1491 3107 1613 3187 afferre,

411 3219 444 3282 in
466 3238 530 3301 qua
549 3217 609 3283 hoc
631 3219 730 3302 patris
752 3219 913 3284 inventum
935 3220 1063 3302 eiusque
1081 3221 1225 3285 effectum
1245 3226 1379 3285 enarrat.
1424 3219 1529 3283 Verba
1546 3220 1614 3284 eius

412 3333 490 3398 haec
512 3338 599 3398 sunt:
629 3333 808 3415 „Ultimum
830 3340 935 3399 autem
957 3334 1041 3415 quod
1065 3337 1170 3418 [pater
1189 3335 1343 3399 Rcbcrtus
1365 3334 1559 3417 Stephanus]
1581 3334 1614 3396 in

412 3468 467 3513 eas
497 3449 578 3527 [scil.
607 3468 714 3515 sacras
736 3449 888 3530 litteras],
914 3450 964 3514 vol
989 3449 1094 3533 potius
1120 3450 1153 3513 in
1176 3469 1283 3514 earum
1311 3450 1459 3530 lectores,
1483 3448 1614 3513 contulit

411 3563 606 3644 beneficium,
627 3564 731 3628 minus
754 3565 826 3629 aliis
844 3585 906 3628 non
927 3565 1024 3629 tuisse
1045 3565 1099 3647 qui
1120 3564 1271 3646 indicant,
1293 3585 1356 3629 non
1378 3564 1521 3646 insagaci
1543 3582 1613 3628 esse

411 3677 528 3742 iudicio
550 3678 704 3742 videntur.
738 3678 776 3742 ld
792 3679 880 3743 ouius
896 3678 1098 3743 honorificam
1112 3680 1303 3744 mentionem
1319 3679 1401 3743 t'aoio
1418 3678 1611 3764 heneficium,

369 3833 371 3836 -
411 3793 490 3857 illud
511 3799 575 3875 est,
602 3793 686 3875 quod
716 3813 811 3875 quum
836 3794 1032 3858 Testamenti
1060 3795 1135 3859 novi
1163 3795 1236 3859 libri
1262 3795 1295 3858 in
1320 3795 1503 3875 Tmemata,
1530 3813 1612 3876 quae

411 3907 527 3990 Capita
546 3907 641 3990 vulgo
664 3915 822 3999 vocantur,
844 3908 940 3973 divisi
954 3917 1068 3990 essent,
1085 3909 1154 3992 ipse
1168 3909 1276 3974 horum
1289 3910 1486 3974 Tmematum
1504 3929 1612 3974 unum-

411 4020 556 4104 quodque
576 4021 609 4085 in
631 4021 810 4086 Tmematia
831 4020 950 4104 divisit,
971 4023 1022 4087 vel
1034 4023 1139 4105 potius
1153 4021 1336 4087 subdivisit:
1359 4043 1449 4106 quae,
1472 4024 1611 4107 appella-

410 4137 495 4202 tione
515 4138 556 4202 ab
579 4137 651 4202 aliis
671 4137 774 4220 magis
795 4157 889 4220 quam
910 4138 1043 4221 abipso
1065 4138 1214 4221 probata,
1236 4138 1390 4203 Versiculi
1413 4145 1527 4204 vocata
1548 4139 1612 4204 sue-

410 4257 490 4316 runt.
531 4253 614 4316 Nam
636 4252 699 4336 ipsi
719 4254 770 4317 vel
792 4255 914 4318 Graeca
936 4253 991 4317 illa
1012 4273 1089 4318 voce
1112 4253 1299 4336 Tmematia,
1321 4255 1372 4318 vel
1394 4255 1510 4319 Latina
1530 4274 1611 4337 quae

409 4367 457 4431 illi
478 4367 655 4452 respondet,
676 4368 902 4450 Sectiunculas,
927 4368 1089 4433 nominare
1110 4371 1213 4453 magis
1233 4369 1389 4451 placebat.
1416 4369 1508 4433 Illam
1529 4369 1613 4434 enim

409 4487 546 4547 veterem
557 4483 752 4548 Commatum
773 4482 806 4546 in
827 4483 968 4548 oratione
990 4483 1237 4568 appellationem
1255 4483 1411 4566 (Ciceroni
1424 4484 1610 4565 Incisorum)
