3728 5726
720 566 1001 620 PROLEGOMENA.
1343 555 1344 560 ¹
1365 563 1467 616 LXVII

259 714 466 794 nequivimus,
489 697 648 778 ⁴Maxima
675 734 713 779 ex
748 720 838 798 parte
868 713 952 794 dixi,
980 713 1055 794 quia
1080 712 1114 775 in
1136 712 1248 776 maiori
1276 711 1331 775 illa
1350 711 1466 776 Frobe-

259 829 356 891 niana
375 828 459 892 Novi
482 827 663 892 testamenti
683 827 851 909 editione‚¹
888 828 920 891 in
950 827 1164 909 Evangelistis
1191 827 1404 911 potissimum,
1436 833 1467 890 et

260 943 292 1006 in
309 943 398 1006 Pauli
419 941 462 1006 ad
482 942 640 1007 Romanos
660 947 691 1005 et
712 941 891 1006 Corinthios
914 941 1072 1025 epistolis,
1099 942 1255 1024 quaedam
1279 957 1336 1024 per
1358 941 1467 1005 literas

259 1057 584 1140 interoapitulationes
612 1076 652 1120 ex
676 1057 820 1137 antiquo,
848 1056 911 1120 nisi
932 1055 1038 1137 fallor,
1060 1057 1182 1121 Graeoo
1202 1056 1338 1138 quodam
1357 1056 1467 1120 oodioe

259 1171 456 1254 assignatae:
490 1191 571 1253 quae
593 1171 668 1253 quia
688 1171 729 1235 ab
751 1171 842 1234 initio
870 1171 1034 1252 neglectae
1054 1171 1187 1251 luerunt,
1208 1169 1322 1234 infiniti
1348 1169 1466 1234 laboris

260 1290 342 1366 erat,
372 1285 550 1367 negleotum
578 1286 742 1368 oorn'gere.
784 1285 825 1349 Et
846 1285 1051 1350 eorrexissem
1073 1304 1158 1367 sane,
1185 1285 1247 1348 nisi
1267 1283 1467 1348 doctissimus

259 1399 397 1481 quidam,
419 1399 548 1464 etmihi
569 1399 852 1480 coniunctissimus,
875 1405 907 1464 et
928 1398 1105 1463 diutissime
1123 1399 1157 1462 in
1180 1418 1339 1464 saorarum
1362 1399 1466 1463 litera-

260 1534 326 1578 rum
349 1513 453 1578 studio
474 1521 626 1595 versatus,
647 1533 697 1577 me
717 1514 758 1578 ab
778 1514 883 1577 inutili
902 1514 962 1580 hoo
976 1515 1083 1579 labore
1102 1514 1296 1578 retraxisset:
1328 1513 1361 1578 id
1381 1512 1465 1595 quod

257 1648 364 1692 verum
393 1632 461 1690 erat
489 1626 614 1708 dioens,
642 1647 692 1691 me
713 1627 908 1709 Theologiae
931 1628 1101 1692 candidato
1131 1628 1202 1721 plus
1225 1626 1285 1693 hae
1304 1647 1402 1711 opera
1421 1627 1465 1691 in-

258 1740 538 1822 commodaturum,
564 1760 659 1822 quam
679 1740 888 1824 profuturnm,
916 1761 986 1806 oum
1008 1762 1063 1807 eas
1083 1761 1202 1825 parvae
1221 1741 1377 1807 editiones
1399 1741 1465 1806 nul·
1552 1803 1555 1810 ,

257 1856 307 1920 lae
328 1855 495 1921 habeant.“
1481 1935 1483 1940 ,

336 1974 475 2038 Nomina
506 1974 636 2058 propria
666 1974 699 2036 in
729 1973 788 2038 hoo
817 1973 897 2037 libro
931 1974 1117 2055 affemntur,
1149 1975 1224 2038 item
1260 1975 1464 2057 Pr0nomina3

255 2087 435 2170 Aduerbiis,
455 2087 746 2171 Praepositionibus
761 2094 793 2151 et
807 2087 1088 2152 Coniunctionibus
1108 2087 1290 2170 plerumque
1305 2108 1385 2153 unus
1398 2095 1464 2152 tan-

257 2206 321 2266 tum
343 2207 398 2266 aut
418 2201 569 2285 perpauoi
591 2202 652 2265 looi
676 2201 784 2266 biblioi
804 2200 906 2266 additi
926 2207 1007 2282 suut,
1028 2221 1054 2265 e.
1075 2220 1101 2264 o.
1125 2202 1193 2266 vooi
1215 2197 1251 2261 οὐ
1275 2221 1355 2266 unns
1369 2203 1465 2284 loeus,

255 2311 290 2374 ori
313 2311 349 2375 οὐ
373 2317 400 2388 3,
426 2311 500 2375 οὐδέ
515 2317 543 2387 3,
566 2311 620 2374 οὐκ
640 2316 668 2386 2,
691 2310 745 2375 ov'x
770 2311 811 2374 ἔτι
834 2316 860 2388 3,
884 2315 923 2386 εἷς
945 2317 971 2388 4,
993 2313 1023 2374 ἐκ
1044 2318 1068 2389 1,
1092 2315 1122 2374 ἓν
1143 2317 1170 2389 3,
1199 2315 1269 2395 περί
1288 2318 1315 2389 3,
1346 2317 1372 2377 εἷ
1390 2320 1417 2390 5,
1441 2316 1468 2376 εἴ

256 2427 288 2488 δὲ
307 2424 370 2509 μή,
384 2429 409 2488 a'
429 2427 461 2488 ὁὲ
477 2425 522 2508 μή
540 2451 570 2509 γε
594 2430 621 2501 3,
652 2431 685 2502 (a
700 2429 813 2510 quibus
838 2430 864 2489 εἰ
880 2429 925 2509 μὴ
948 2449 1017 2492 oum
1038 2431 1056 2488 9
1078 2429 1155 2493 loois
1177 2428 1271 2512 longo
1293 2431 1397 2512 spatio
1417 2449 1464 2495 se-

257 2549 401 2624 paratum
425 2548 482 2625 est,
503 2542 632 2607 affertur
649 2543 733 2606 enim
752 2542 877 2638 demum
901 2549 973 2627 post
992 2539 1175 2625 stirapwrigb·
1202 2544 1285 2608 aliae
1311 2544 1464 2608 eiusmodi

259 2676 351 2721 vooes
372 2657 499 2722 omnino
519 2657 656 2721 omissae
675 2663 747 2720 sunt
768 2663 802 2722 ut
823 2654 893 2733 ἀπό,
914 2655 999 2733 ἀλλά,
1018 2655 1086 2740 γάρ,
1108 2657 1171 2738 μέν.
1213 2661 1250 2724 ln
1266 2661 1465 2744 Nominibus,

255 2771 495 2835 Pr0nominibus
516 2777 547 2834 et
570 2769 682 2834 Verbis
702 2769 872 2836 flexionum
892 2773 1009 2837 formae
1024 2773 1206 2855 plerumque
1221 2794 1283 2839 non
1298 2775 1465 2858 seiungun-

255 2894 318 2966 tur,
347 2885 515 2967 aliquoties
545 2891 652 2949 tamen
680 2904 719 2948 ex
746 2893 835 2969 parte
867 2885 994 2968 quidem
1015 2886 1074 2950 hoo
1099 2887 1216 2951 saotum
1237 2893 1294 2970 est,
1325 2908 1352 2953 e.
1375 2909 1400 2954 o.
1424 2889 1466 2953 ad

230 3059 232 3063 .
255 3019 364 3064 vooem
386 2991 463 3074 ὅσοι,
485 2991 545 3059 ὅσα
565 3018 668 3081 neque
686 3005 818 3082 genera,
839 3019 941 3081 neque
963 3019 1055 3065 oasus
1074 3007 1277 3084 separantur,
1300 3003 1466 3067 seiunctim

255 3134 329 3178 vero
350 3114 522 3180 afferuntur
544 3107 619 3175 ὅσον
641 3106 723 3187 ὅσον,
753 3114 800 3197 ἐφ’
820 3107 909 3189 ὅσον,
931 3119 1003 3176 καθ’
1024 3109 1112 3190 ὅσον,
1135 3109 1215 3198 ὅσῳ,
1238 3117 1314 3180 item
1335 3113 1464 3197 ἀγαθὰν,

255 3228 299 3300 τὸ,
322 3224 436 3308 ἀγαθὰ,
460 3228 499 3288 τὰ
522 3233 554 3292 et
573 3224 696 3309 ἀγαθὸς
721 3227 1115 3313 Adieot.separantu1·.—
1143 3229 1206 3294 Ubi
1228 3229 1466 3296 substantivum

257 3361 327 3405 oum
349 3342 498 3406 adiuncto
519 3340 641 3423 aliquid
656 3343 826 3424 speoialius
844 3341 1012 3424 significat,
1029 3362 1099 3407 oum
1115 3342 1175 3407 hoo
1194 3323 1359 3407 seiunctim
1377 3343 1465 3408 affer-

256 3461 305 3519 tur
333 3456 445 3520 eadem
479 3456 615 3536 ratione,
647 3473 709 3536 qua
737 3455 802 3518 iam
829 3455 921 3537 Hugo
951 3475 971 3518 a
996 3456 1113 3519 Sanoto
1139 3455 1242 3519 Charo
1268 3455 1343 3519 feeit
1372 3457 1465 3536 (conf.

255 3587 351 3652 supra
369 3590 400 3653 p.
417 3568 524 3649 VEL),
550 3569 596 3632 sio
629 3567 687 3631 sub
710 3588 740 3631 v.
764 3563 828 3638 υἱός
849 3568 984 3650 primum
1012 3569 1183 3632 afferuntur
1203 3569 1273 3651 looi,
1295 3569 1327 3632 in
1350 3569 1463 3650 quibus
1537 3573 1541 3578 ’

256 3682 324 3746 sine
353 3681 508 3745 eiusmodi
543 3681 693 3744 adiunoto
714 3681 863 3763 ooourrit,
901 3680 1016 3745 deinde
1044 3682 1120 3762 looi,
1153 3682 1322 3763 inquibus
1351 3683 1466 3766 legitur

255 3793 320 3864 υἶὸς
340 3796 424 3867 θεοῦ,
447 3791 514 3864 υἱὸς
535 3788 708 3875 ἀνθρώπου
730 3801 788 3859 eto·

336 3909 503 3990 Tanquam
527 3908 687 3991 specimen
702 3907 795 3973 huius
816 3910 920 3993 operis
941 3910 1036 3973 affero
1058 3911 1125 3975 eius
1145 3911 1285 3975 initium:

825 4025 891 4088 ΑΑ.

836 4123 871 4184 A

478 4219 554 4304 Ἐγώ
575 4223 634 4302 εἶμι
656 4221 692 4306 ro
713 4245 733 4281 α
750 4222 797 4283 καὶ
821 4224 856 4284 ro
879 4247 911 4285 ω.
953 4224 1085 4308 Apoeal.
1107 4229 1132 4288 l.
1155 4230 1186 4289 et
1207 4228 1246 4288 22

300 4399 306 4428 ¹
324 4395 351 4450 N
353 4413 436 4450 ovum
450 4393 672 4450 Testamentum
687 4392 868 4464 recognitum
881 4412 898 4449 a
913 4393 1117 4452 Desiderio
1131 4397 1199 4452 Era
1209 4416 1281 4453 emo
1295 4415 1361 4452 oum
1376 4415 1464 4455 anno-

257 4490 417 4550 tationibus
430 4489 569 4547 eiusdem.
592 4489 728 4548 Basileae
741 4490 815 4566 apud
830 4490 960 4549 Ambros.
977 4492 1161 4561 Frobenium,
1177 4490 1261 4548 1541.
1276 4491 1361 4550 1542.
1382 4493 1442 4552 Fol.

1214 4590 1258 4649 5*
