3738 5720
877 547 1156 600 PROLEGOMENA.

975 694 1061 758 Ass.

491 809 594 868 leram.
610 810 632 867 Ι.
648 809 676 866 b.
706 810 901 868 AesDomine
914 811 996 868 Deus
1010 830 1078 868 eece
1092 810 1191 870 neseio
1206 811 1288 888 loqui
1303 811 1373 888 quia
1386 832 1461 887 puer
1475 831 1528 884 ego
1547 830 1621 868 sum.

489 906 572 964 XIV.
595 906 621 962 d.
663 910 725 964 Aea
752 907 877 964 Domine
904 908 986 964 Deus
1015 908 1176 982 prophetae
1208 907 1310 966 dieunt
1331 907 1374 965 eis
1396 927 1454 982 nep
1482 906 1621 966 videbitis

571 984 709 1058 gladium,
731 989 761 1043 et
780 985 873 1043 fames
895 986 926 1043 in
947 985 1028 1046 vobis
1045 1006 1103 1045 non
1130 987 1195 1047 erit.

489 1081 575 1152 Eaee.
596 1081 647 1140 IV.
668 1082 688 1138 f.
730 1086 791 1138 Aaa
813 1083 938 1141 Domine
956 1084 1037 1141 Deus
1058 1083 1154 1141 anima
1173 1102 1238 1140 mee
1257 1102 1315 1140 non
1338 1087 1391 1141 est.

489 1176 581 1235 Iohel.
603 1179 627 1238 I.
650 1177 670 1234 f.
714 1181 775 1254 Aaa
796 1179 855 1236 diei
877 1178 947 1256 quia
968 1199 1059 1255 prope
1082 1185 1128 1237 est
1149 1179 1211 1236 dies
1232 1177 1359 1253 Domini.

945 1326 1082 1390 AARON.

489 1423 631 1498 ExosslV.
652 1459 673 1497 e.
715 1443 811 1498 Aaron
835 1441 926 1498 frater
947 1446 1018 1499 tuus
1041 1443 1167 1512 Leviter,
1190 1441 1250 1500 seio
1272 1442 1350 1518 quod
1373 1439 1515 1517 eloquens
1534 1439 1580 1498 sit.

490 1554 516 1608 g.
540 1534 622 1593 Dixit
644 1535 787 1593 Dominus
803 1537 840 1593 ad
860 1543 892 1594 A.
913 1538 985 1594 vade
1013 1537 1044 1594 in
1063 1556 1215 1595 occursum
1237 1535 1332 1612 Moysi
1351 1534 1383 1592 in
1404 1535 1558 1594 desertum.

491 1630 555 1688 Vll.
577 1651 602 1688 a.
625 1635 657 1690 Α.
678 1632 770 1690 frater
790 1640 859 1690 tuus
880 1633 936 1691 erit
956 1635 1098 1708 propheta
1120 1638 1197 1691 tuus.

489 1726 587 1783 XVII.
608 1728 628 1784 f.
660 1731 693 1784 A.
717 1733 747 1786 et
765 1729 830 1786 Hur
850 1730 1055 1786 sustentabant
1076 1748 1187 1787 manus.
1214 1733 1269 1786 ete.

498 1836 550 1900 Ad
577 1836 669 1902 finem
695 1838 916 1903 vocabulorum
941 1839 1033 1903 huius
1061 1840 1185 1903 litterae
1210 1840 1239 1902 A
1265 1839 1380 1921 legitur
1407 1839 1518 1905 eodem
1547 1839 1620 1904 cha

418 1956 553 2015 metare:
576 1950 833 2035 Eapb'co'tla'ttcra
847 1953 999 2037 A,'qaara
1016 1954 1157 2038 perfecit
1175 1953 1291 2016 Frater
1307 1953 1347 2016 R,
1362 1953 1400 2016 de
1420 1953 1618 2037 Stavenesbp.

501 2065 579 2129 Cum
615 2071 719 2129 autern
754 2065 833 2130 haec
867 2067 967 2130 altera
1002 2066 1301 2131 concordantiarum
1334 2044 1446 2130 forma
1461 2066 1621 2132 videretur

420 2178 570 2261 prolixior
592 2185 623 2242 et
638 2179 798 2242 volumina
818 2180 946 2267 maioris
966 2180 1058 2244 molis
1081 2181 1273 2262 exquireret,
1293 2201 1356 2245 non
1373 2187 1541 2264 augmento
1564 2182 1620 2246 ali-

420 2313 490 2375 quo,
507 2313 570 2357 non
588 2293 831 2376 locupletatione
843 2294 916 2373 ulla,
932 2294 988 2358 sed
1003 2283 1177 2359 resectione
1190 2295 1295 2378 potius
1313 2295 1384 2358 visa
1403 2299 1452 2360 est
1467 2295 1620 2377 indigere,

420 2427 457 2471 ac
474 2413 639 2490 praeterea
659 2408 741 2471 inter
760 2407 866 2490 capita
879 2408 1025 2472 breviora
1039 2415 1070 2472 et
1087 2408 1231 2491 longiora
1246 2407 1413 2473 discrimen
1430 2407 1621 2490 habendum,

420 2521 498 2585 haee
520 2520 646 2603 quidem
667 2527 701 2584 ut
718 2527 813 2584 antea
830 2528 950 2605 septem
971 2522 1128 2605 prioribus
1149 2522 1311 2605 alphabeti
1334 2522 1455 2601 litteris,
1476 2522 1530 2585 illa
1544 2541 1620 2586 vero

420 2641 553 2716 quatuor
580 2641 700 2698 tantum
729 2633 944 2699 discernenda.
982 2635 1043 2713 Qui
1069 2635 1152 2699 hane
1173 2636 1375 2700 mutationem
1396 2636 1549 2718 suscepit,
1576 2635 1619 2700 le-

421 2755 521 2812 ctores
542 2748 638 2812 etiarn
660 2748 699 2812 de
721 2748 780 2812 hac
802 2768 979 2812 remouere
1000 2749 1213 2814 voluithaooe
1235 2749 1500 2832 praetatiuncula:

500 2862 656 2943 „Cuilibet
683 2862 800 2926 volenti
827 2863 984 2944 requirere
1012 2862 1250 2927 concordantias
1272 2864 1304 2925 in
1325 2863 1385 2926 hoc
1405 2863 1501 2942 libro,
1524 2883 1620 2926 unum

421 2982 469 3040 est
494 2977 637 3059 primitus
665 2975 906 3055 attendendum,
933 2974 1189 3058 videlicetquod
1212 2996 1281 3040 eum
1305 2976 1469 3059 inprimis
1495 2995 1619 3040 coneor-

421 3090 547 3171 dantiis,
571 3110 651 3172 quae
671 3089 815 3154 dicuntur
834 3090 1076 3154 concordantiae
1099 3090 1199 3154 sancti
1221 3090 1337 3169 Iacobi,
1360 3089 1521 3171 quodlibet
1533 3090 1618 3173 capi-

420 3205 518 3268 tulum
538 3205 571 3267 in
593 3210 714 3287 septem
734 3204 904 3287 particulas
924 3203 1143 3285 distinguatur,
1166 3204 1338 3267 seeundum
1358 3210 1478 3287 septem
1501 3202 1620 3286 primas

420 3319 528 3382 literas
549 3318 710 3402 alphabeti
730 3318 878 3382 videlicet
899 3338 933 3394 a,
956 3317 991 3398 b,
1016 3338 1047 3394 c,
1069 3316 1105 3397 d,
1128 3337 1162 3397 e,
1185 3319 1212 3398 t',
1231 3338 1261 3399 g.
1310 3317 1429 3380 In-isto
1452 3304 1546 3399 opere
1565 3337 1622 3399 per

361 3483 363 3486 .
421 3433 563 3496 eumdem
590 3431 717 3496 modum
743 3439 774 3495 et
802 3433 833 3495 in
862 3430 991 3494 totidem
1020 3430 1191 3513 particulas
1219 3430 1453 3512 distinguuntur
1482 3429 1622 3513 capitula

420 3547 563 3628 longiora
585 3546 617 3608 in
639 3551 758 3628 septem
783 3551 888 3628 partes
909 3545 1067 3627 sequelae,
1088 3544 1228 3626 capitula
1242 3564 1316 3607 vero
1335 3543 1479 3608 breviora
1498 3549 1620 3607 tantum

420 3661 453 3723 in
473 3664 579 3742 partes
599 3654 732 3739 quatuor
753 3658 996 3740 distinguuntur,
1019 3657 1167 3721 videlicet
1187 3657 1220 3719 in
1243 3677 1271 3738 a,
1291 3658 1321 3736 b,
1339 3678 1365 3738 c,
1378 3655 1409 3738 d,
1430 3663 1469 3720 ut·
1484 3657 1620 3721 breviori

421 3773 560 3857 capitulo
587 3773 619 3836 in
649 3778 780 3853 quatuor
807 3777 914 3855 partes
938 3772 1086 3853 aequales
1106 3771 1224 3850 diviso,
1254 3791 1283 3832 a.
1304 3771 1438 3853 primam
1459 3770 1619 3835 contineat

421 3893 556 3971 partem:
583 3887 612 3950 b.
636 3905 709 3949 vero
731 3885 900 3950 secundam
920 3906 1000 3966 quae
1021 3902 1041 3948 a
1061 3885 1217 3968 principio
1238 3883 1380 3965 recedat,
1410 3889 1441 3948 et
1461 3902 1559 3966 usque
1579 3883 1621 3946 ad

421 4001 557 4066 medium
578 3998 797 4083 protendatur:
825 4019 850 4064 c.
874 4019 948 4064 vero
970 3999 1098 4064 recedat
1120 4019 1140 4060 a
1162 3997 1281 4077 medio,
1303 4004 1333 4061 et
1352 4003 1474 4081 partem
1494 3997 1620 4062 tertiam

421 4115 580 4180 contineat
601 4113 731 4197 capituli
750 4113 919 4177 brevioris:
948 4112 978 4176 d.
995 4133 1070 4177 vero
1088 4118 1160 4196 post
1180 4112 1304 4175 tertiam
1324 4091 1447 4194 partem
1468 4129 1567 4192 usque
1588 4111 1622 4194 in

420 4230 514 4294 finem
536 4227 666 4312 capituli
688 4225 920 4311 protendatur.“

500 4343 588 4406 Haeo
602 4339 851 4425 praefatiuncula
865 4341 897 4403 in
913 4339 1153 4406 Concordantiis
1169 4338 1273 4403 seculo
1287 4339 1375 4402 Xlll.
1390 4342 1539 4419 vergente
1553 4336 1618 4401 MS.

422 4464 454 4522 et
475 4455 704 4538 vulgatioribas
724 4430 874 4538 deinceps
895 4455 1004 4535 tactis,
1027 4459 1092 4518 tum
1113 4452 1146 4516 in
1167 4452 1277 4536 primis
1300 4450 1341 4514 ad
1364 4451 1502 4516 seculum
1523 4469 1622 4532 usque
