3738 5720
689 537 969 593 nnonnconnnn.
1176 515 1178 520 ’
1371 541 1435 594 xix

313 685 380 750 Has
395 685 644 752 Concordantias
664 685 831 752 hebraicas
851 693 959 752 auctor
979 689 1139 753 contexuit
1156 707 1196 753 ex
1217 688 1346 754 vocibus
1367 694 1435 752 tan-

152 861 156 867 .
232 807 298 865 tum
318 800 478 865 flexilibus
500 807 531 864 et
552 799 771 884 appellativis,
789 801 930 883 omissis,
950 808 1079 886 propter
1098 801 1254 867 infinitam
1273 823 1436 888 propemo-

232 916 306 979 dum
326 914 573 999 multitudinem,
600 915 779 980 nominibus
800 917 937 1000 propriis
963 923 995 981 et
1020 918 1183 1001 particulis
1204 916 1436 982 indeclinabili-

232 1031 298 1096 bus.
337 1031 375 1094 In
395 1029 555 1095 flexilibus
577 1035 683 1094 autem
703 1030 843 1112 vocibus,
865 1030 931 1095 scil.
953 1032 1132 1098 nominibus
1151 1037 1183 1096 et
1203 1031 1309 1098 verbis
1326 1032 1436 1116 opina-

230 1151 280 1209 tur
300 1145 355 1209 vix
374 1144 456 1209 ullos
477 1144 562 1209 locos
582 1145 726 1210 omisisse
750 1150 804 1208 aut
825 1150 908 1210 certe
929 1151 1133 1230 perpaucos.¹

311 1260 478 1326 Methodus
508 1261 618 1326 harum
647 1259 947 1325 Concordantiarum
980 1270 1029 1326 est
1054 1262 1166 1327 eadem
1194 1283 1232 1327 ac
1259 1260 1437 1342 latinarum,

234 1395 312 1459 quas
334 1375 475 1440 imitatus
497 1382 553 1440 est.
596 1374 661 1441 Sub
680 1375 783 1459 prima
802 1375 917 1458 radice,
939 1395 1021 1458 quae
1036 1378 1135 1442 tribus
1155 1377 1268 1444 litteris
1288 1381 1321 1440 ut
1342 1375 1437 1460 pluri-

232 1509 316 1554 mum
336 1496 475 1573 constat,
500 1491 588 1574 (nam
610 1489 845 1573 quadrilitteras
866 1491 909 1555 ad
931 1491 1025 1557 finem
1046 1492 1196 1575 cuiusque
1217 1491 1340 1556 litterae
1361 1490 1437 1555 reie-

233 1604 288 1684 cit)
307 1605 470 1688 ooniungit
491 1604 668 1688 promiscue
689 1605 796 1690 omnia
816 1605 857 1669 ab
879 1605 935 1669 illa
957 1605 1064 1671 radice
1083 1605 1311 1689 provenientia,
1330 1604 1437 1685 verba,

232 1718 417 1802 participia,
447 1717 576 1782 nomina
604 1737 774 1801 omnesque
801 1719 924 1784 illomm
952 1719 1068 1784 formas
1097 1718 1269 1784 secundum
1294 1718 1437 1783 ordinem

233 1832 381 1897 librorum
408 1832 604 1897 biblicorum.
652 1834 736 1898 Ante
765 1833 870 1897 omnia
896 1840 1000 1898 autem
1028 1833 1145 1898 radicis
1173 1832 1436 1916 significationem

233 1949 337 2013 verbis
360 1947 506 2012 hebraeis
535 1947 681 2031 exponit,
709 1967 747 2012 ac
777 1947 804 2011 si
825 1947 930 2031 plures
953 1947 1199 2030 significationes
1225 1947 1322 2012 habet
1329 1997 1337 2030 ,
1364 1947 1436 2011 illas

232 2060 352 2126 indicat
372 2060 491 2125 additis
511 2060 623 2126 litteris
643 2063 729 2146 Μ
752 2067 811 2126 etc.
833 2068 984 2145 tanquam
1004 2062 1270 2146 significationum
1288 2063 1436 2144 numeris,

232 2181 264 2240 et
282 2175 422 2258 singulas
443 2176 573 2240 seorsim
592 2181 772 2259 pertractat.
803 2176 867 2241 Ubi
886 2182 992 2241 tamen
1006 2175 1236 2242 observandum
1255 2181 1312 2258 est,
1332 2176 1435 2260 ipsum

233 2291 265 2355 in
289 2290 522 2373 distinguendis
545 2290 705 2355 radicibus
726 2311 787 2355 non
808 2291 854 2355 ita
874 2297 1055 2356 accuratum
1075 2290 1188 2372 luisse,
1215 2289 1273 2355 sed
1293 2289 1436 2356 diversas

232 2425 328 2489 saepe
354 2405 470 2470 formas
490 2405 685 2486 confudisse,
714 2403 748 2468 id
775 2404 859 2486 quod
886 2404 1009 2489 ipsein
1036 2405 1098 2469 lr'ne
1125 2404 1331 2488 praefationis
1358 2423 1434 2469 suae

225 2526 370 2585 testatur.
410 2521 479 2586 Hac
500 2520 620 2586 ratione
641 2526 750 2584 contra
768 2540 891 2585 omnem
906 2520 1035 2604 linguae
1049 2519 1229 2603 analogiam
1247 2524 1278 2582 et
1296 2519 1434 2603 proprie-

231 2640 327 2700 tatem
347 2635 462 2700 multas
483 2634 606 2700 radices
619 2633 768 2700 confudit.
809 2634 975 2698 Praeterea
995 2652 1057 2698 non
1078 2653 1149 2697 raro
1170 2652 1267 2697 unum
1287 2633 1435 2717 idemque

231 2749 432 2831 vocabulum,
453 2768 508 2815 seu
523 2769 619 2814 unum
641 2748 837 2830 eundemque
859 2749 962 2813 locum
983 2748 1035 2812 vel
1056 2747 1088 2810 in
1112 2746 1247 2812 diversis
1273 2747 1366 2812 unius
1386 2768 1434 2812 ra-

230 2863 311 2928 dicis
335 2863 634 2947 significationibus,
663 2865 714 2929 vel
742 2865 838 2929 etiam
866 2864 899 2929 in
928 2863 1062 2929 diversis
1088 2862 1248 2929 radicibus
1269 2865 1434 2947 recensuit,

229 2977 325 3062 idque
345 2984 474 3062 propter
494 2978 699 3061 interpretum
719 2979 921 3060 varietatem,
949 2976 1033 3060 quod
1058 2978 1099 3043 ab
1121 2997 1183 3042 uno
1203 2978 1279 3060 hac,
1305 2979 1347 3043 ab
1370 2980 1434 3044 alio

230 3093 295 3157 alia
314 3092 544 3176 significatione
565 3093 755 3177 explicatur,
782 3093 824 3157 ab
845 3093 904 3157 hoo
926 3092 969 3157 ad
989 3093 1099 3174 istam,
1124 3092 1167 3157 ab
1191 3092 1254 3157 alio
1275 3092 1318 3157 ad
1337 3093 1434 3159 aliam

231 3205 369 3271 radicem
395 3206 534 3271 refertur.
595 3207 760 3272 Librorum
788 3207 974 3272 biblicorum
1002 3206 1160 3287 ordinem,
1190 3207 1266 3272 item
1295 3208 1434 3292 capitum

230 3320 415 3386 biblicorum
435 3320 669 3387 distinctionem
689 3341 759 3386 eam
781 3321 920 3402 retinuit,
941 3340 1022 3403 quae
1043 3322 1076 3385 in
1098 3321 1212 3386 Bibliis
1230 3321 1338 3387 latinis
1360 3322 1434 3387 Vul-

230 3441 324 3518 gatae
352 3435 502 3500 editionis
529 3442 576 3501 est
596 3437 774 3501 observata.
823 3436 985 3501 Hodierna
1009 3436 1093 3500 enim
1114 3437 1253 3519 capitum
1274 3435 1435 3501 distinctio

229 3550 305 3616 olim
323 3551 356 3614 in
377 3550 548 3616 Codioibus
567 3551 729 3633 hebraeis,
760 3550 922 3615 Buxtorfio
943 3557 1033 3634 teste,
1055 3552 1089 3615 in
1110 3571 1168 3616 usu
1190 3551 1349 3634 nonfuit,
1376 3550 1433 3615 sed

232 3684 271 3728 ex
292 3663 406 3728 Bibliis
426 3664 534 3729 latinis
554 3665 740 3729 introducta.

310 3779 377 3843 Hoc
399 3798 479 3862 opus
497 3778 603 3844 finitur
624 3781 657 3843 in
679 3781 786 3845 antica
806 3780 937 3844 extremi
959 3779 1026 3845 l'olii
1048 3779 1183 3862 pagina,
1211 3798 1337 3845 annexa
1349 3787 1434 3864 post-

277 4088 348 4144 'Ad
376 4089 432 4145 hcc
456 4085 583 4144 auctoris
603 4087 640 4143 de
663 4106 751 4161 opere
773 4105 826 4144 suo
850 4084 992 4143 iudicium
1014 4086 1182 4144 Buxtorfius
1201 4086 1233 4145 in
1254 4086 1436 4162 praefatione

232 4201 352 4241 suarum
364 4182 646 4242 Concordantiarum
667 4183 833 4242 annotavit:
856 4187 915 4255 „nt
934 4203 1078 4243 veronen
1100 4188 1160 4240 tam
1180 4202 1298 4258 pancos,
1319 4185 1353 4240 ut
1371 4182 1436 4258 ipse

231 4279 392 4337 arbitratus
415 4284 470 4351 est,
491 4280 613 4341 omissos
633 4301 828 4353 emeremus,
846 4280 964 4340 docebit
982 4281 1140 4353 Oetalogus
1154 4281 1291 4338 locorum
1309 4279 1437 4351 integro-

234 4395 300 4434 rum
321 4376 494 4434 omisnorum
514 4376 545 4434 in
562 4377 642 4438 calce
661 4378 752 4437 huius
773 4379 881 4458 operis,
901 4397 1026 4456 quorum
1042 4374 1227 4438 restitutione
1243 4374 1438 4434 absolutiores

231 4477 349 4532 nostrae
372 4473 603 4533 concordantiae
620 4481 692 4537 suut
713 4479 881 4541 redditae.“
1200 4552 1242 4612 2*
