3738 5720
440 534 503 586 XIV
900 533 1181 586 PROLEGOMENA.

441 679 480 745 de
497 680 599 759 Pratc,
622 679 758 743 Tuscum
779 678 920 744 eiusdem
941 679 1060 744 ordinis
1071 679 1234 760 Minorum,
1255 679 1370 744 veteris
1391 684 1423 742 ct
1439 680 1515 744 novi
1529 681 1639 745 Testa-

438 794 536 858 menti
559 792 806 858 Concordantias
827 793 975 857 inunum
997 799 1217 877 comportasse.

520 907 598 972 Cum
617 905 727 971 horum
747 925 875 988 operum
895 925 1028 988 magnus
1049 905 1167 971 fructus
1188 891 1290 988 magis
1310 907 1474 989 magisque
1496 908 1639 986 eluceret,

439 1021 494 1085 alii
514 1019 575 1084 viri
597 1019 681 1084 docti
701 1019 846 1083 commoti
868 1025 949 1098 sunt,
970 1025 1004 1083 ut
1023 1019 1133 1083 eadem
1154 1020 1332 1100 commoda,
1354 1041 1435 1104 quae
1457 1022 1503 1085 illi
1525 1023 1639 1087 Bibliis

439 1134 595 1216 Vulgatae
622 1132 769 1198 editionis
793 1131 1032 1197 Concordantiis
1058 1134 1122 1198 suis
1143 1133 1381 1216 praestiterant,
1408 1136 1504 1199 etiam
1524 1136 1638 1201 Bibliia

438 1248 562 1331 graecis
583 1255 614 1311 et
632 1246 738 1311 Veteri
760 1248 963 1312 Testamenta
985 1246 1131 1310 hebraico
1154 1247 1306 1311 eiusmodi
1329 1249 1477 1330 operibus
1498 1257 1637 1332 praesta-

439 1366 513 1425 rent
555 1361 638 1425 Nam
667 1359 885 1423 Euthalius
911 1358 1106 1438 Rhodius,
1137 1360 1307 1424 monachus
1337 1361 1368 1426 S.
1392 1361 1518 1440 Basilii,
1548 1363 1638 1428 Sixto

438 1475 571 1540 Senensi
591 1480 669 1540 teste
690 1474 723 1537 in
738 1473 935 1538 Bibliotheca
954 1479 1064 1537 sancta
1080 1472 1133 1537 lib.
1156 1473 1210 1537 IV.
1219 1494 1249 1557 p.
1259 1475 1352 1555 286.st
1380 1475 1506 1557 collegit
1525 1496 1639 1558 graeco

438 1607 579 1653 sermone
612 1608 691 1672 opus
726 1586 1024 1652 Concordantiarum
1059 1587 1153 1650 totius
1180 1587 1320 1668 Bibliae,
1352 1588 1394 1652 ad
1431 1589 1638 1654 imitationem

437 1703 580 1785 Hugonis
599 1702 760 1782 Curensis,
780 1721 862 1766 anno
884 1701 1012 1765 Domini
1038 1702 1121 1763 1300.
1164 1701 1230 1765 Has
1252 1701 1499 1766 Ooncordantias
1520 1722 1637 1786 graeca

437 1835 532 1882 manu
554 1815 730 1899 descriptas
751 1815 804 1879 ille
825 1815 894 1898 ipse
913 1814 992 1878 vidit
1015 1815 1133 1878 Romae
1155 1815 1188 1877 in
1208 1815 1347 1895 antiquis
1367 1817 1574 1897 membranis,
1604 1817 1636 1879 id

438 1930 521 2011 quod
533 1931 553 1993 l.
566 1930 586 1993 l.
600 1950 630 2013 p.
646 1931 703 1991 312
723 1934 862 1994 testatur.
905 1929 1005 2011 Typis
1025 1917 1084 1993 hoc
1105 1947 1184 2010 opus
1197 1945 1356 2008 nunquam
1377 1936 1424 1993 cst
1445 1929 1636 2012 evulgatum.

437 2046 511 2109 Post
533 2064 603 2108 eum
624 2043 784 2124 hucusque
808 2061 899 2106 nemo
920 2042 1055 2124 exstitit,
1082 2041 1136 2122 qui
1157 2042 1190 2105 in
1209 2048 1276 2106 tota
1297 2041 1402 2107 Biblia
1423 2062 1538 2125 graeca
1558 2044 1637 2108 Gon-

437 2158 616 2224 oordantias
645 2157 853 2222 elaboraverit
880 2163 973 2238 atque
1002 2155 1152 2236 ediderit,
1182 2155 1238 2220 sed
1268 2156 1358 2219 alteri
1386 2156 1485 2220 solum
1513 2157 1638 2253 Novum

437 2273 673 2338 Testamentum
700 2291 847 2354 graecum
875 2271 936 2335 sibi
963 2269 1139 2352 elegerunt,
1164 2276 1198 2333 ut
1227 2271 1381 2353 Xystus
1409 2270 1637 2353 Betuleius,

435 2386 637 2451 Henricus
657 2384 899 2468 Stephanus,
927 2383 1114 2448 Erasmus
1138 2381 1384 2462 Schmidius,
1408 2383 1490 2447 (lar.
1513 2385 1636 2448 Herm,

435 2498 655 2579 Bruderus,
675 2497 765 2562 alteri
787 2497 887 2561 solum
909 2497 1006 2561 Vetus
1026 2497 1262 2562 Testamentum
1281 2514 1428 2577 graecum
1446 2496 1545 2561 LXX.
1586 2499 1636 2560 In-

436 2618 606 2696 terpretum
628 2632 697 2676 cum
710 2611 776 2676 eius
788 2610 997 2694 Apccrpphis,
1019 2616 1052 2673 ut
1069 2609 1235 2675 Conrad.
1253 2608 1486 2689 Kircherus,
1509 2611 1635 2675 Abra-

436 2727 533 2790 ham.
554 2725 791 2806 TrommiuS,
820 2723 860 2788 de
882 2724 995 2806 quibus
1017 2723 1098 2788 inlia
1118 2723 1266 2788 dicemus.

516 2839 724 2918 SeculoXV.
752 2838 859 2902 latinis
882 2838 1121 2903 Concordantiis
1149 2838 1296 2902 incitatus
1325 2846 1371 2902 est
1392 2840 1495 2905 Rabbi
1517 2841 1635 2904 Isaac

435 2957 466 3021 N
474 2954 631 3036 athan,²
654 2959 689 3018 ut
707 2944 954 3020 Concordantias
976 2951 1139 3016 hebraicas
1161 2951 1344 3016 elaboraret.
1386 2954 1469 3017 Nam
1491 2955 1523 3016 in
1544 2974 1633 3037 prac-

479 3202 485 3233 ¹
508 3198 581 3256 Utor
600 3196 689 3256 huius
710 3196 806 3272 operis
820 3195 925 3254 ultima
943 3194 1072 3253 editione
1088 3194 1130 3254 sic
1150 3195 1310 3270 inscripta:
1330 3196 1513 3255 Bibliotheca
1525 3203 1634 3268 sancta,

434 3293 496 3351 as.
510 3293 617 3350 Sixto
633 3291 796 3350 Senensi
819 3291 938 3350 Ordinis
958 3289 1203 3360 Praedicatorum‚
1227 3311 1264 3348 ex
1284 3291 1450 3367 praecipuis
1473 3293 1634 3352 catholicae

434 3392 583 3452 Ecclesiae
606 3392 782 3450 Auctoribus
810 3390 949 3460 collecto,
978 3395 1007 3451 et
1035 3389 1065 3448 in
1089 3395 1154 3448 octo
1175 3389 1265 3448 libros
1289 3391 1414 3464 digesta.
1466 3393 1509 3450 Ab
1532 3394 1634 3451 eodem

434 3497 610 3549 auctore-
630 3488 902 3563 recognitaaucta.
924 3520 962 3528 -
992 3487 1181 3544 Postmodum
1204 3507 1220 3545 a
1241 3489 1386 3546 Ioanne
1411 3489 1440 3545 H
1447 3507 1514 3565 ayo
1538 3490 1634 3562 Scoto,

432 3588 542 3651 revisa,
573 3586 758 3664 Scholiisque
777 3585 931 3643 illustrata.
985 3583 1093 3642 Ultima
1116 3585 1232 3642 demum
1254 3587 1308 3642 hac
1331 3585 1459 3643 editione
1482 3593 1632 3644 auctorum

432 3684 629 3742 recentiorum
641 3684 808 3742 accessione
819 3681 998 3758 locupletata
1011 3686 1066 3738 etc.
1109 3681 1249 3739 Coloniae
1271 3683 1451 3758 Agrippinae
1475 3681 1558 3741 1626.
1571 3683 1612 3740 4⁰.

474 3784 486 3815 ²
506 3779 601 3838 Rabbi
630 3783 741 3839 Isaac
763 3781 929 3851 Nathan,
956 3793 1002 3855 pn:
1026 3793 1100 3852 pus*
1126 3770 1155 3834 ‘a
1177 3779 1219 3836 sic
1239 3798 1271 3836 se
1293 3779 1356 3854 ipse
1378 3779 1507 3855 appellat
1527 3779 1558 3837 in
1579 3799 1633 3836 sua

431 3877 627 3953 praefatione,
658 3897 675 3935 a
702 3877 878 3954 quibusdam
911 3881 1030 3938 vocatur
1059 3891 1105 3952 ru:
1128 3889 1220 3934 aarum
1242 3867 1269 3933 ‘a
1291 3875 1386 3934 Rabbi
1414 3876 1631 3934 Mardochai

432 3974 584 4032 Nathan
604 3979 693 4051 atque
712 3975 754 4032 ita
778 3974 867 4032 etiam
888 3972 919 4032 in
940 3974 1034 4050 prima
1055 3974 1184 4033 editione
1198 3973 1333 4032 Venetiis
1352 3991 1469 4044 excusa,
1490 3973 1521 4030 in
1543 3973 1631 4030 titulo

433 4069 722 4143 concordantiarum,
745 4071 855 4128 nonin
877 4071 973 4146 priore
994 4071 1114 4148 quidem
1133 4069 1220 4128 titulo
1242 4069 1382 4142 generali,
1407 4069 1508 4126 sedin
1529 4068 1631 4140 altero,

432 4186 507 4244 quae
528 4166 600 4242 ipsis
625 4166 847 4227 Concordantiis
868 4166 1000 4240 proxime
1020 4166 1177 4241 praecedit.
1219 4165 1264 4224 De
1291 4166 1347 4224 hac
1368 4165 1519 4224 nominum
1540 4165 1633 4224 diver·

431 4263 518 4320 sitate
551 4261 667 4336 longius
701 4263 822 4322 disserit
854 4263 916 4320 Ioh.
946 4263 1115 4320 Buxtorfius
1147 4261 1178 4320 in
1208 4262 1486 4322 concordantiamm
1514 4281 1631 4320 suarum

430 4358 620 4433 praefatione.
663 4359 788 4423 Quidam
807 4377 844 4415 ex
861 4357 971 4433 duplici
991 4358 1107 4416 nominc
1129 4357 1271 4430 colligunt
1291 4358 1364 4415 duos
1385 4357 1514 4416 diversos
1537 4358 1631 4416 luisse

430 4454 525 4531 ipsius
549 4455 646 4531 operis
667 4459 809 4528 auctores,
828 4475 918 4514 unum
939 4456 973 4514 R.
995 4453 1176 4526 Mardochai,
1199 4453 1322 4511 alterurn
1344 4453 1378 4510 R.
1401 4455 1484 4512 isaac
1504 4456 1630 4513 Nathan.
