3728 5726
677 497 959 551 PROLEGOMENA.
1353 495 1428 548 XLV

220 664 291 709 curn
311 642 487 727 Augustum
509 645 652 726 exhibet,
676 646 892 730 complectitur
920 647 992 728 1794
1013 645 1168 729 plagulas,
1189 663 1279 726 quae,
1302 649 1427 728 praeter

220 759 354 842 primam
368 758 531 841 signatura
543 767 711 841 carentem,
727 760 760 823 in
772 779 834 841 qua
846 759 1005 824 Praelatio
1018 758 1142 842 legitur,
1158 758 1296 822 numeris
1310 759 1426 819 1-179

221 876 365 956 (quarum
386 873 498 937 ultima
516 873 651 937 dimidia
672 876 734 953 est)
754 874 900 956 signatae
917 881 998 940 sunt.

299 991 336 1053 In
350 988 550 1054 Praefatione
566 994 651 1073 (pag.
665 990 809 1071 V-Xll)
829 997 946 1072 auctor,
968 992 1056 1056 brevi
1070 991 1163 1056 huius
1177 990 1282 1074 operis
1293 989 1426 1054 historia

219 1104 403 1187 praemissa,
426 1103 542 1168 fatetur
562 1103 701 1185 quidem,
723 1123 756 1168 se
771 1104 1012 1170 Concordantiis
1026 1104 1237 1170 Buxton‘ianis
1252 1105 1342 1187 qnasi
1358 1102 1425 1167 fun-

220 1218 368 1283 damento
388 1239 479 1282 usum
500 1236 579 1296 csse,
598 1217 632 1281 in
653 1238 714 1300 quo
734 1218 791 1282 has
812 1219 852 1283 dc
868 1239 950 1283 novo
971 1220 1168 1300 exstruxerit,
1189 1225 1223 1283 at
1237 1219 1330 1283 simul
1344 1217 1425 1282 altir-

220 1339 295 1415 mat,
316 1353 350 1398 se
369 1353 448 1417 opus
466 1333 547 1397 alo.
562 1332 721 1397 Buxtorlio
741 1332 906 1397 fundatum
921 1354 990 1400 non
1002 1339 1124 1398 tantum
1138 1334 1318 1398 elimavisse
1330 1339 1425 1415 atque

219 1448 384 1529 auxisse,¹
410 1446 467 1511 sed
487 1467 602 1511 novum
624 1446 664 1511 de
681 1447 803 1530 integro
821 1447 1062 1532 instauravisse,
1090 1454 1125 1512 ut
1146 1468 1237 1514 suum
1258 1449 1288 1513 ci
1310 1467 1425 1513 nomen

220 1562 391 1628 inscribere
413 1560 595 1644 neutiquam
617 1560 816 1626 dubitaverit.
859 1561 951 1639 Quod
973 1582 1029 1627 sno
1052 1563 1122 1629 iure
1141 1562 1231 1645 fecit,
1251 1583 1324 1626 nam
1346 1563 1426 1627 Con-

220 1677 400 1744 cordantias
420 1677 641 1742 Buxtorlianas
668 1676 774 1740 multis
796 1676 1038 1759 additamentis,
1066 1699 1147 1760 quae
1169 1698 1209 1743 cx
1230 1677 1426 1761 quorundam

220 1792 451 1876 exemplaribus
477 1790 560 1855 notis
588 1790 794 1874 autographis
822 1791 997 1873 instructis,
1023 1792 1169 1875 inprimis
1196 1792 1277 1857 Ben
1280 1792 1305 1875 j.
1332 1790 1426 1856 Hei-

220 1908 443 1973 denheimii
461 1913 643 1990 acceperat,
664 1906 883 1990 locupletavit,
904 1907 1040 1991 receptis
1060 1909 1137 1971 wo
1160 1913 1191 1971 et
1214 1909 1308 1970 nin*
1332 1910 1427 1987 (quae

221 2023 398 2088 Buxtorfius
421 2024 552 2088 consilio
573 2023 733 2103 omiserat)
756 2022 924 2104 multisque
946 2021 1019 2086 aliis
1040 2022 1181 2086 articulis
1202 2021 1299 2103 auxit,
1319 2020 1425 2083 omnia

220 2138 441 2204 convenienter
458 2137 660 2222 philologiae,
678 2137 887 2220 etymologiae
910 2135 1117 2220 potissimum,
1138 2134 1356 2219 progressibus
1378 2145 1425 2198 or-

220 2251 295 2317 dine
323 2252 443 2336 passim
471 2272 552 2316 novo
582 2251 740 2335 disposuit
763 2259 794 2316 et
819 2251 861 2315 ad
883 2257 1001 2316 certam
1024 2250 1155 2315 rationis
1176 2269 1333 2331 normam,
1364 2247 1423 2312 ori-

222 2366 348 2449 ginibus
368 2367 539 2449 formisque
557 2366 780 2432 vocabulorum
801 2365 1043 2449 diligentissime
1062 2364 1242 2448 perpensis,
1274 2363 1421 2428 direxit²

220 2481 296 2545 Post
315 2480 394 2546 haec
415 2480 651 2565 praemonenda
671 2486 805 2561 enarrat,
828 2500 909 2562 qnae
929 2481 963 2544 in
983 2479 1033 2544 his
1056 2478 1296 2544 Concordantiis
1317 2477 1426 2560 quaeri

220 2595 417 2678 invenirique
431 2597 569 2679 possint3
592 2595 731 2680 explicat
744 2595 907 2676 rationem,
927 2615 991 2677 qua
1004 2593 1137 2674 radices,
1151 2613 1258 2658 earum
1272 2591 1426 2670 derivata,

221 2709 424 2794 singulasque
445 2710 578 2792 t'onnas,
597 2717 692 2792 atque
712 2709 796 2774 locos
813 2710 882 2774 Vet.
903 2710 1006 2791 Test,
1027 2709 1060 2773 in
1081 2709 1195 2791 quibus
1217 2707 1423 2791 reperiuntur,

223 2823 428 2908 disposuerit,
460 2825 557 2891 libros
581 2825 714 2890 biblicos
738 2843 905 2907 eorumque
921 2823 1007 2889 locos
1029 2823 1218 2906 signaverit,
1252 2828 1346 2904 atque
1370 2821 1426 2885 illa

221 2939 376 3004 vocabula
409 2941 632 3023 interpretatus
664 2938 714 3004 sit.
777 2939 819 3004 Ut
848 2937 931 3003 hanc
965 2937 1233 3021 interpretationis
1266 2955 1343 3002 suae
1375 2935 1427 3000 vel

221 3053 330 3118 chici
360 3054 562 3139 etymologici
584 3075 654 3119 cum
674 3053 915 3119 Concordantiis
933 3052 1091 3118 coniuncti
1112 3053 1267 3118 rationem
1287 3056 1319 3116 et
1342 3050 1426 3135 prin-

222 3167 308 3251 cipia
333 3168 543 3251 universalia,
581 3187 663 3252 quae
689 3168 749 3234 sibi
777 3169 811 3231 in
831 3168 949 3232 Lexico
980 3167 1034 3232 illo
1055 3165 1426 3250 conscribendosemper

221 3287 296 3347 ante
315 3283 422 3348 oculos
443 3284 612 3349 obversata
630 3284 708 3364 sint,
736 3282 914 3348 accuratius
936 3287 1089 3367 exponat,
1112 3281 1266 3366 prolixius
1284 3286 1427 3346 recenset

220 3396 279 3460 Fr.
301 3397 556 3462 Delitzschii
585 3398 769 3482 opusculum
798 3396 896 3480 (quod
918 3397 1079 3463 Grimmae
1109 3397 1186 3459 1838
1215 3395 1345 3480 prodiit)
1374 3394 1421 3458 in-

220 3510 371 3594 scriptum
401 3514 532 3593 libili„
564 3514 655 3578 nstv
685 3513 820 3599 Isapope
846 3514 881 3575 in
907 3511 1158 3576 Grammaticaro
1185 3524 1216 3575 et
1235 3512 1426 3596 Leoer'coprc-

214 3625 329 3710 pluium
342 3628 489 3712 Lioprcce
503 3628 693 3708 Hebrcecae,
715 3641 825 3692 corutra
843 3629 880 3692 G.
900 3630 1070 3692 Geserre‘uor
1083 3641 1114 3690 et
1127 3627 1170 3690 H.
1185 3627 1361 3706 Ewclduru,
1376 3626 1426 3691 cui

219 3739 417 3824 inscriptioni
439 3761 457 3806 e
478 3741 607 3824 regione
631 3744 736 3828 posita
756 3749 804 3808 est
817 3743 890 3824 alia,
912 3763 975 3826 qua
993 3743 1171 3810 arctissima
1183 3742 1268 3807 illius
1283 3740 1426 3826 opusculi

220 3873 290 3918 cum
310 3854 360 3920 his
374 3854 616 3922 Ooncordantiis
638 3858 796 3942 copulatio
813 3877 852 3924 ac
873 3857 1039 3923 consensio
1052 3857 1262 3940 significatur:
1284 3857 1427 3919 Jescrco

218 3969 284 4032 sebe
297 3967 544 4056 Proleporneada
552 3974 588 4036 irc
602 3971 854 4038 Concordarrtias
867 3975 987 4037 Veteris
997 3972 1194 4036 Testamenti
1202 3971 1320 4035 adulo
1328 3970 1427 4034 Fuer-

263 4140 273 4182 ¹
299 4143 334 4200 In
357 4143 455 4202 Praei.
473 4164 500 4220 p.
523 4145 593 4206 Vll.
615 4152 778 4221 asseverat,
796 4149 850 4207 has
873 4146 1101 4207 concordantias
1123 4146 1322 4223 compluribus
1341 4144 1428 4229 milli-

218 4239 274 4296 bus
301 4237 433 4297 locorum
455 4239 602 4301 hactenus
624 4243 898 4318 praetermissorum
916 4242 1111 4322 locupletatas
1131 4253 1156 4299 ct
1180 4240 1329 4300 sexcentis
1351 4260 1428 4299 erro-

217 4335 300 4393 ribus
322 4355 355 4394 ac
376 4335 596 4412 sphalmatibus
618 4359 683 4398 esse
702 4345 851 4416 purgatas.

260 4431 274 4470 ²
297 4431 378 4490 Haeo
391 4430 486 4508 ipsius
497 4434 631 4497 auctoris
645 4438 735 4496 verba
747 4440 825 4510 sunt,
839 4457 915 4514 quac
926 4439 955 4498 h.
966 4437 985 4496 l.
995 4440 1108 4518 repeto,
1121 4436 1259 4515 quoniam
1271 4456 1338 4497 vera
1349 4441 1427 4498 sunt.
