3738 5720
707 615 987 667 PROLEGOMENA.
1327 614 1456 666 XXXVII

254 763 374 848 aliquid
388 769 572 829 annotatum
584 761 652 827 fuit.
681 766 711 842 4)
727 762 759 825 in
774 761 897 825 duabus
911 761 1030 825 ultimis
1042 762 1179 846 plagulis
1192 763 1244 843 Rr,
1256 761 1294 826 Ss
1310 760 1454 844 signatis,

253 900 326 963 pag.
351 879 577 957 1195-20111,
599 897 680 960 quae
702 877 734 940 in
755 882 818 941 tres
839 877 1000 941 columnas
1023 875 1145 941 divisae
1170 881 1255 956 sunt,
1276 895 1453 959 preponun-

253 1000 316 1058 tur:
337 993 437 1058 Index
453 995 493 1058 Il.
517 993 638 1057 Vccum
658 992 872 1072 Ebraicarurn,
896 991 1240 1073 Chaldaeo-Syriacae
1260 996 1291 1054 et
1302 990 1453 1055 Arabica-

253 1129 321 1173 rum
342 1110 429 1192 (—p.
447 1109 551 1189 1199),
577 1106 677 1171 Index
698 1107 755 1171 Ill.
784 1107 903 1170 Vceum
921 1107 1113 1171 Graecarum
1135 1108 1181 1184 (--
1194 1126 1224 1189 p.
1243 1107 1321 1167 211113
1349 1105 1455 1186 med),

252 1221 353 1287 Index
377 1223 430 1287 1v.
458 1222 573 1286 Rerum
595 1226 647 1302 (-
655 1243 685 1305 p.
706 1223 785 1284 20111
812 1220 925 1301 nied),
959 1221 1008 1284 cui
1044 1221 1210 1285 subiuncta
1238 1226 1311 1285 sunt
1337 1219 1455 1284 Menda

253 1339 508 1423 Typcgraphica.

329 1455 366 1517 In
393 1452 453 1518 boc
480 1473 575 1538 opere
603 1453 747 1517 immensi
773 1453 891 1518 laboris
918 1452 1093 1534 particulae
1114 1451 1159 1515 ita
1179 1449 1391 1533 explicantur,
1422 1455 1457 1513 ut

253 1568 311 1632 sub
332 1587 521 1650 unaquaque
541 1569 575 1631 in
598 1567 704 1632 medic
724 1568 827 1631 lineae
845 1567 1031 1630 maiusculis
1052 1566 1138 1649 typis
1158 1565 1317 1648 exscripta
1331 1583 1455 1628 enume-

252 1688 359 1746 rentur
401 1683 468 1746 eius
511 1681 773 1765 significationes,
819 1701 951 1764 quarum
985 1682 1098 1764 cuique
1131 1681 1361 1762 subiunguntur
1395 1679 1456 1743 loci

253 1796 372 1878 biblici,
394 1797 427 1860 in
448 1796 561 1879 quibus
578 1796 733 1873 (Ncldii
756 1796 884 1878 quidem
901 1795 1031 1876 iudicio)
1046 1796 1129 1859 hanc
1150 1794 1216 1859 vini
1236 1793 1346 1872 habet,
1367 1813 1456 1876 prae-

252 1917 340 1976 terea
359 1910 539 1976 indicantur
558 1911 628 1991 leci,
648 1911 681 1974 in
702 1911 816 1992 quibus
836 1910 933 1990 (illius
947 1909 1077 1989 iudicio)
1097 1909 1187 1974 deest
1206 1909 1256 1973 vel
1277 1908 1331 1972 ubi
1345 1906 1456 1972 redun-

252 2025 324 2107 dat,
345 2027 481 2110 denique
502 2026 580 2108 loci,
602 2025 765 2107 inquibus
785 2045 856 2090 cunr
878 2024 1042 2108 praefixis,
1064 2030 1118 2087 aut
1140 2023 1276 2103 suffixis,
1305 2027 1360 2086 aut
1383 2041 1453 2104 par-

253 2141 356 2206 ticulis
384 2140 633 2224 separabilibus,
662 2145 717 2202 aut
744 2139 858 2203 litteris
889 2137 1092 2222 paragcgicis
1119 2137 1286 2202 coniuncta
1310 2142 1366 2201 est.
1407 2135 1457 2199 De

253 2256 344 2320 varia
370 2256 509 2337 ratione,
538 2275 601 2337 qua
627 2254 688 2318 loci
711 2252 820 2318 biblici
841 2253 956 2336 partim
978 2272 1049 2316 cum
1069 2252 1175 2317 uerbis
1196 2251 1319 2334 integre
1339 2248 1457 2314 adscri-

253 2371 317 2454 ptis
328 2376 359 2434 et
368 2370 466 2435 latine
476 2369 586 2450 versiS,
608 2368 723 2452 partim
740 2372 862 2431 tantum
879 2366 1064 2450 simpliciter
1075 2366 1165 2446 libro,
1186 2365 1291 2449 eapite
1312 2385 1350 2429 ac
1365 2383 1458 2429 versu

252 2481 440 2562 indicantur,
459 2484 523 2546 iam
543 2501 639 2564 supra
659 2480 735 2545 dixi.
777 2480 836 2544 Ex.
859 2500 905 2562 gr.
929 2480 1102 2563 particulae
1131 2482 1177 2572 111τ
1197 2498 1271 2544 usus
1289 2485 1320 2543 et
1340 2477 1460 2560 signiti-v

254 2599 393 2664 cationes
414 2620 445 2683 p.
460 2599 564 2662 6-8.
584 2598 630 2663 sic
650 2597 876 2681 explanantur:

272 2703 274 2708 ’
320 2718 342 2778 l.
362 2713 450 2776 Tunc
464 2712 638 2778 subiunctis
660 2715 678 2774 6
698 2710 776 2775 locis
791 2711 914 2793 integre
929 2708 1108 2793 adscriptis,
1127 2709 1163 2771 31
1180 2709 1257 2773 lueis
1272 2707 1458 2791 simpliciter

489 2827 634 2910 signatis.

313 2945 341 3006 2.
357 2942 400 3006 Et
420 2942 594 3008 subiunctis
615 2943 634 3002 5
653 2940 731 3005 locis
753 2939 903 3022 integris,
928 2943 1110 3021 praeterea:
1146 2949 1176 2999 et
1198 2937 1325 3022 quidem
1347 2936 1458 3001 addito

453 3060 465 3118 1
489 3057 558 3122 1000
578 3056 682 3140 simpl.
703 3054 794 3138 sign..
818 3029 922 3131 errat,
944 3053 1075 3135 insuper
1096 3051 1216 3116 aruns
1237 3053 1256 3112 2
1276 3051 1333 3115 100.
1353 3050 1456 3134 simpl.

454 3171 534 3253 sign.

314 3287 341 3350 3.
357 3287 434 3349 ideo
456 3284 630 3351 subiunctis
648 3286 666 3346 3
684 3283 762 3348 locis
784 3283 907 3365 integr,
929 3285 947 3342 4
968 3282 1047 3346 locis
1066 3281 1169 3365 simpl.
1195 3281 1276 3363 sign.

313 3403 341 3464 4.
358 3401 453 3464 Moru:
474 3400 591 3463 Stattbr
611 3397 766 3463 subiunct.
787 3397 885 3461 2100.
908 3396 1030 3478 integr,
1052 3395 1147 3460 2100.
1171 3395 1274 3478 simpl.
1297 3394 1377 3477 sign.

314 3519 342 3578 5.
357 3516 446 3577 Nam
468 3513 623 3579 subiunct.
643 3515 662 3574 2
687 3513 764 3578 locis
783 3513 906 3595 integr,
931 3515 943 3572 1
970 3512 1039 3575 1000
1062 3510 1164 3593 simpl.
1189 3509 1269 3592 sign.

313 3633 341 3695 b.
360 3631 481 3708 Quum:
500 3629 674 3714 Postquam
695 3628 870 3694 subiunctis
890 3631 908 3689 2
930 3628 1009 3692 loeis
1030 3627 1142 3710 integr.

314 3749 341 3809 7.
357 3745 422 3810 Sed
441 3744 616 3810 subiunctis
637 3746 656 3805 2
676 3744 754 3808 locis
774 3743 914 3826 integris.

314 3861 341 3923 8.
357 3859 431 3924 Sic.-
452 3861 499 3922 ita
518 3833 672 3924 subiunct.
695 3862 713 3920 4
736 3858 794 3922 loe.
817 3858 939 3941 integr,
960 3858 979 3917 2
1001 3856 1059 3920 loc.
1082 3856 1184 3941 simpl.
1206 3857 1287 3939 sign.

313 3977 341 4038 9.
361 3974 480 4037 Tamen
502 3974 666 4039 subiuncto
689 3976 702 4035 1
726 3973 795 4038 1000
814 3973 946 4056 integro.

298 4092 342 4153 111.
362 4088 507 4174 Tempta,
529 4088 584 4154 ubi
603 4089 701 4152 lector
718 4087 760 4151 ad
781 4087 862 4152 alios
882 4086 967 4151 locos
985 4085 1158 4169 delegatur.

295 4204 420 4268 11.1]ι.·
442 4225 502 4289 quo
524 4204 679 4268 subiunct.
705 4202 823 4267 310010
843 4202 966 4284 integr,
993 4204 1001 4260 1
1030 4201 1098 4265 1000
1115 4199 1219 4283 simpl.
1242 4199 1323 4281 sign.

298 4319 340 4381 12.
355 4318 527 4382 Redundat
545 4317 699 4384 subiunct.
722 4316 837 4381 210010
859 4316 983 4398 integr,
1008 4317 1027 4376 2
1048 4315 1125 4380 locis
1144 4313 1246 4396 simpl.
1268 4312 1348 4394 sign.

299 4433 343 4495 13.
358 4432 494 4514 Deficit:
516 4434 553 4496 In
570 4433 750 4518 Sr'par'ficat.
768 4437 793 4493 1.
810 4431 965 4496 subiunct.
989 4431 1079 4494 2100.
1094 4430 1216 4511 integre
1231 4426 1342 4507 adscr,
1363 4426 1454 4490 5100.

828 4546 956 4611 brevius
977 4545 1089 4626 adscr,
1112 4544 1209 4608 8100.
1231 4529 1333 4624 simpl.
1355 4540 1435 4622 sign.
