3738 5720
411 527 460 578 xa
479 563 493 602 Ι,
586 595 588 600 Ι
813 489 817 498 ’
871 522 1151 586 rnonuaouuun.

413 671 529 736 deinde
549 671 632 755 patri
653 671 686 733 in
708 690 835 735 munere
857 689 945 736 sacro
967 669 1113 735 Bidrinae
1136 669 1299 752 suffectus,
1326 670 1612 737 concinnandamm

414 784 803 851 Concordantiarnm
823 785 1101 849 Pronominum
1119 784 1230 864 {euram
1257 785 1407 868 tradidit,
1429 793 1464 852 ut
1483 787 1553 871 ipse
1579 807 1613 850 eo

414 899 515 964 mains
539 898 676 964 studium
697 899 740 963 ad
752 899 945 963 Noldianum
969 919 1047 983 opus
1067 905 1132 962 tum
1153 899 1388 983 recensendum,
1409 908 1474 967 tum
1492 920 1614 984 quoque

413 1013 669 1078 annotationibus
691 1014 756 1079 suis
776 1013 994 1079 illustrandum
1015 1014 1155 1108 conferre
1167 1020 1283 1099 posset.
1325 1016 1406 1080 Tum
1420 1016 1516 1080 etiarn
1529 1015 1613 1079 Dan-

413 1129 478 1210 zio,
506 1127 586 1194 duce
614 1148 670 1193 suo
692 1134 724 1193 et
744 1128 902 1210 adiutore,
930 1126 973 1192 ad
994 1127 1086 1193 sedes
1108 1128 1219 1193 beatas
1245 1134 1426 1195 transeunte
1448 1129 1616 1195 destitutus

414 1249 470 1324 est,
491 1250 524 1308 et
543 1243 589 1306 ita
609 1262 701 1307 omne
724 1243 884 1325 negotium
902 1242 1127 1335 perficiendum
1149 1243 1179 1307 ei
1198 1243 1258 1308 soli
1279 1249 1328 1309 est
1340 1244 1490 1310 relictum.
1544 1245 1616 1308 Pro-

414 1363 484 1441 pter
505 1357 587 1422 hanc
609 1377 674 1421 rem
695 1363 728 1422 et
746 1358 845 1422 multa
867 1358 932 1422 alia
951 1357 1178 1442 impedimenta
1203 1356 1263 1423 hoc
1287 1378 1366 1442 opus
1387 1358 1477 1424 tarde
1496 1379 1616 1442 promo-

414 1472 555 1536 vebatur.
598 1470 723 1536 Adiecit
743 1471 879 1555 deniquo
900 1471 961 1536 duo
981 1472 1279 1537 Particularum
1299 1472 1464 1556 Lexica,
1484 1473 1617 1538 alterum

413 1585 492 1650 loh.
515 1585 747 1668 Michaelis,
774 1586 962 1652 Professoris
985 1585 1311 1671 Gryphisuualdensis,
1332 1593 1364 1652 et
1386 1587 1617 1653 Christiani

413 1700 468 1764 Ko
476 1700 543 1764 erb
552 1720 569 1765 e
577 1701 624 1782 ri,
638 1700 777 1766 Pastoris
788 1700 947 1783 quondam
960 1708 991 1765 et
1003 1700 1296 1784 superintendentis
1307 1701 1605 1767 Lobensteinicnsis.

496 1815 550 1881 Sic
571 1815 699 1880 tandem
721 1815 781 1880 hoo
803 1833 935 1899 opusc.
958 1818 1041 1879 1734.
1071 1815 1171 1880 forma
1192 1816 1394 1898 quaternaria
1415 1816 1526 1881 maiori
1549 1836 1618 1900 pro-

412 1929 472 1995 diit
493 1931 538 1995 sic
557 1931 756 2014 inscriptum:

535 2044 764 2110 Christiani
800 2045 830 2108 N
839 2044 940 2109 oldii
966 2047 970 2127 Ι
996 2045 1029 2109 in
1055 2045 1132 2128 Reg.
1161 2043 1259 2110 Aead.
1288 2045 1391 2109 Haun.
1424 2045 1479 2111 SS.
1508 2044 1618 2109 Theol.

920 2159 959 2223 D.
981 2166 1013 2224 et
1034 2161 1067 2224 P.
1085 2161 1119 2224 P.

534 2274 861 2342 Concordantiae
879 2274 883 2358 Ι
901 2274 1200 2340 Particularum
1219 2276 1223 2356 Ι
1241 2272 1617 2340 Ebraeo-Ohaldai-

958 2409 1086 2454 carum

930 2505 968 2567 ln
990 2503 1103 2586 quibus

533 2618 673 2684 Partium
707 2618 978 2683 indeclinabilium
1013 2637 1094 2700 qvae
1129 2622 1295 2683 occumvnt
1329 2617 1362 2681 in
1397 2617 1536 2683 fontibus
1560 2621 1565 2697 Ι
1589 2622 1620 2681 et

534 2733 686 2798 hactenus
706 2753 770 2798 non
791 2733 954 2816 expositae
974 2739 1048 2797 svnt
1068 2732 1101 2797 in
1122 2732 1249 2798 Lexicis
1277 2738 1332 2796 avt
1353 2731 1594 2797 Concordantiis
1614 2733 1617 2810 Ι

524 2852 648 2912 natura
668 2852 700 2912 et
721 2867 868 2912 sensuum
889 2847 1028 2912 uarietas
1051 2845 1234 2912 ostenditur.
1254 2848 1258 2928 Ι
1282 2847 1476 2930 Digorvntur
1496 2866 1535 2911 ea
1557 2865 1619 2910 me-

536 2960 632 3026 thodo
651 2962 655 3044 Ι
673 2968 708 3026 vt
727 2962 835 3026 Lexiei
863 2968 895 3026 ct
916 2960 1216 3026 Concordantiarum
1236 2961 1305 3026 loco
1324 2961 1328 3041 Ι
1347 2961 1439 3026 simvl
1459 2980 1528 3027 esse
1550 2979 1620 3044 pos·
1683 2951 1685 2955 ’

536 3075 630 3157 sint!
654 3075 939 3141 Accommodantvr
962 3076 1023 3141 huc
1048 3076 1144 3141 etiam
1166 3075 1344 3140 Particulae
1365 3075 1507 3140 Graecae
1525 3078 1530 3157 Ι
1548 3095 1620 3140 con-

535 3190 676 3255 feruntur
689 3191 858 3256 Versiones
881 3196 914 3256 et
935 3190 1034 3254 multa
1047 3189 1228 3274 Scripturas
1247 3190 1317 3256 loca
1338 3190 1385 3254 ita
1399 3189 1597 3275 explicantur
1613 3191 1616 3270 Ι

534 3311 569 3370 ut
587 3305 642 3371 ubi
664 3305 814 3370 tenebrae
834 3306 885 3370 uel
905 3305 1117 3370 dissensiones
1140 3311 1213 3372 sunt
1235 3305 1448 3388 adiungantur

740 3419 1043 3486 Annotationes
1064 3425 1101 3484 et
1122 3419 1352 3485 Vindiciae.

535 3534 612 3600 Ioh.
636 3533 779 3600 Gottfr.
801 3535 996 3619 Tympivs
1014 3538 1018 3613 Ι
1041 3533 1121 3598 Phil.
1141 3533 1223 3616 Mag.
1246 3532 1420 3615 Ordinique
1441 3531 1621 3617 Philosoph.

535 3648 684 3713 Academ.
718 3649 861 3713 lenensis
894 3648 1072 3732 adscriptus
1097 3653 1101 3730 Ι
1127 3668 1248 3713 summa
1280 3667 1356 3712 eura
1382 3647 1538 3713 recensuit
1563 3649 1624 3727 let

535 3763 764 3828 Annotationes
789 3765 793 3844 Ι
818 3763 931 3846 qvibvs
959 3763 1100 3828 formalis
1128 3763 1238 3827 harum
1268 3782 1380 3827 vocum
1405 3761 1595 3846 significatio
1618 3764 1621 3840 Ι

538 3877 709 3942 secundum
736 3877 895 3960 principia
922 3877 952 3942 b.
972 3877 1119 3941 Danzii
1146 3878 1150 3958 Ι
1175 3876 1343 3961 exponitur
1365 3881 1460 3958 atque
1488 3875 1622 3940 illustra-

536 3998 586 4057 tur
604 3995 609 4072 Ι
626 4012 685 4056 nee
705 4012 766 4056 non
784 3991 1022 4056 emendationes
1034 3992 1068 4055 in
1081 3992 1232 4056 nonnulla
1248 3989 1467 4055 vindiciarum
1478 3989 1548 4054 loca
1565 3989 1571 4072 Ι
1589 3995 1623 4053 vt

537 4113 568 4172 et
588 4106 714 4171 Indices
732 4126 830 4171 novos
850 4106 853 4187 Ι
872 4105 990 4170 adiecit
1008 4108 1012 4189 Ι
1031 4106 1157 4188 suisque
1177 4105 1255 4172 locis
1277 4095 1409 4169 inservit
1428 4109 1431 4182 Ι

537 4217 1623 4304 ConoordantiasPronominumseparatorumlEhrai-

537 4356 667 4403 corum
690 4341 728 4401 et
750 4334 1063 4400 chaldaicorum
1081 4336 1085 4418 Ι
1104 4355 1187 4400 nvnc
1212 4336 1346 4419 primum
1367 4339 1534 4418 congestas
1553 4334 1557 4414 Ι
1574 4354 1595 4397 a
1618 4335 1622 4416 Ι

673 4450 714 4515 Μ.
736 4448 825 4514 Sim.
846 4449 991 4514 Bencd.
1014 4449 1185 4533 Tympio
1207 4450 1244 4515 V.
1266 4449 1306 4512 D.
1328 4449 1369 4513 M.
