3728 5726
430 551 517 604 LXVI
888 546 1169 600 PROLEGOMENA.

429 701 601 762 memorata
621 696 732 760 addita
753 697 812 777 est)
835 695 997 760 continent
1016 691 1273 773 concordantias,
1296 691 1547 774 iisdemgraecis
1565 711 1633 756 ver-

429 811 488 894 bis,
509 831 530 875 a
549 812 663 894 quibus
686 812 794 876 titulus
817 810 945 893 orditur,
968 810 1145 894 inscriptas.
1187 807 1305 874 Omnes
1327 827 1434 872 earum
1449 807 1586 890 paginae
1599 807 1632 871 in

429 924 509 990 duas
523 925 683 991 columnas
705 924 828 992 divisae
851 930 932 1006 sunt,
952 944 1034 1007 quae
1052 929 1157 988 autem
1178 943 1240 987 non
1256 922 1352 1004 linea,
1372 921 1430 985 sed
1448 921 1515 986 solo
1529 921 1632 1004 spatio

428 1039 615 1123 interposito
645 1040 685 1104 ab
721 1040 857 1104 invicem
890 1045 1106 1120 secernuntur,
1136 1037 1348 1120 peculiaribus
1377 1036 1633 1119 inscriptionibus

356 1211 364 1222 .
428 1160 544 1218 carent.
585 1155 686 1219 Voces
707 1174 850 1236 graecae,
873 1153 915 1217 ed
935 1172 1015 1235 quas
1032 1152 1093 1216 loci
1107 1151 1216 1218 biblici
1235 1152 1275 1216 iis
1293 1151 1451 1216 subiuncti
1465 1150 1633 1235 pertinent,

428 1274 462 1332 ut
483 1269 597 1333 clarius
619 1269 853 1352 conspiciantur·
867 1275 1004 1350 atquea
1033 1268 1110 1333 locis
1132 1267 1211 1350 ipsis
1232 1266 1481 1348 distinguantur,
1508 1265 1542 1328 in
1570 1283 1632 1327 me-

427 1382 480 1447 dio
501 1383 605 1447 lineae
623 1383 746 1466 positae
767 1389 840 1446 sunt
858 1382 998 1468 praefixo
1018 1383 1119 1466 signe,
1147 1380 1231 1464 quod
1252 1381 1355 1446 simile
1379 1385 1427 1444 est
1454 1379 1577 1443 litterae
1597 1379 1632 1459 P,

427 1497 515 1562 cuius
541 1497 675 1561 rotunda
702 1516 776 1581 pars
799 1503 867 1561 atro
894 1496 997 1561 colore
1025 1496 1152 1580 expleta
1179 1494 1221 1558 ad
1248 1495 1408 1560 sinistram
1424 1512 1525 1574 versa,
1546 1498 1632 1556 reeta

427 1630 502 1675 vero
523 1630 597 1694 pars
618 1610 779 1695 duplicata
800 1617 857 1675 est.
898 1609 958 1675 His
986 1610 1116 1676 vocibus
1142 1609 1206 1674 scre
1234 1608 1379 1673 omnibus
1404 1610 1541 1691 (praeter
1561 1625 1631 1689 par-

392 1721 394 1726 ’
426 1729 490 1789 tem
510 1724 670 1788 nominum
688 1724 884 1808 propriorum
906 1722 1043 1787 adunota
1070 1728 1119 1788 est
1147 1722 1247 1786 latina
1269 1721 1495 1806 interpretatio.
1536 1720 1632 1784 Liber

426 1839 561 1905 biblicus
591 1845 624 1904 et
649 1859 795 1904 numerus
821 1839 952 1922 capitis,
988 1859 1027 1902 ex
1059 1858 1121 1920 quo
1148 1838 1235 1902 loeus
1262 1837 1404 1919 affertur,
1438 1837 1465 1900 si
1494 1836 1632 1920 spatium

426 1953 530 2019 lineae
553 1974 573 2017 a
593 1954 698 2018 verbis
715 1954 839 2037 graecis
858 1973 920 2017 non
941 1954 1094 2037 expletur,
1115 1953 1238 2033 utrique
1253 1953 1285 2015 in
1299 1951 1411 2016 dextra
1424 1949 1527 2015 lineae
1541 1956 1631 2033 parte

427 2073 566 2134 extrema
587 2068 780 2149 indicantur,
809 2068 864 2133 ubi
884 2087 973 2149 vero,
1002 2072 1130 2151 propter
1150 2066 1266 2135 lineam
1293 2065 1398 2130 verbis
1418 2065 1498 2148 ipsis
1525 2065 1631 2147 exple·
1702 2131 1704 2134 ,

426 2187 500 2264 tam,
520 2182 553 2246 in
574 2182 726 2265 peculiari
747 2182 832 2246 linea
851 2182 1091 2264 subiunguntur,
1111 2200 1224 2246 nomen
1246 2180 1319 2244 libri
1333 2178 1443 2245 biblici
1457 2178 1489 2241 in
1504 2177 1632 2242 sinistra

424 2297 595 2380 peculiaris
623 2297 726 2360 lineae
754 2303 859 2380 parte,
885 2315 1031 2360 numerus
1054 2296 1168 2379 eapitis
1195 2294 1367 2359 secunctim
1390 2294 1422 2357 in
1444 2293 1557 2358 dextra
1578 2313 1631 2356 ex·
1684 2377 1689 2388 Ι

424 2416 525 2476 treme
542 2413 676 2495 ponitur.

438 2581 440 2588 ,
505 2527 555 2592 De
577 2545 672 2610 opere
693 2544 750 2590 suo
771 2526 803 2589 in
825 2525 1004 2589 universum
1026 2530 1134 2588 auctor
1153 2525 1186 2588 in
1208 2524 1405 2608 praefatione
1425 2524 1550 2607 fatetur,
1576 2525 1630 2589 eli-

425 2641 540 2704 matius
561 2639 620 2704 hoc
641 2640 762 2704 obsolvi
785 2639 933 2723 potuisse,
955 2639 983 2702 si
1004 2639 1044 2702 ab
1066 2639 1156 2703 initio
1177 2639 1283 2720 aliter,
1304 2658 1398 2721 quam
1421 2639 1631 2704 latinanon-

425 2754 607 2820 cordantiae
628 2755 700 2837 sint,
718 2754 914 2819 instituisset.
955 2754 1004 2818 De
1023 2753 1180 2834 methodo,
1197 2773 1261 2835 qua
1281 2753 1379 2817 verba
1397 2773 1514 2836 graeca
1527 2753 1630 2836 diges-

425 2869 511 2951 serit,
533 2869 566 2932 in
587 2868 698 2933 eadem
719 2869 914 2952 praelatione
936 2868 981 2933 nil
1001 2868 1095 2933 refert
1114 2868 1176 2932 nisi
1191 2868 1287 2933 haec:
1320 2867 1538 2951 „Digessimus
1558 2889 1630 2952 pas-

425 2983 495 3047 siva
514 2989 545 3047 et
563 2981 669 3047 medie
689 2984 730 3048 ab
753 2983 876 3066 activis,
898 2983 956 3047 sed
969 2983 1129 3065 utriusque
1144 2983 1313 3067 participia
1327 3001 1452 3048 suorum
1465 2983 1629 3048 verborum

424 3097 614 3162 thematibus
634 3098 860 3163 subiunximus.
901 3098 1157 3180 Partioipialibus
1174 3105 1279 3162 tamen
1294 3098 1469 3181 peculiares
1486 3097 1630 3178 dedimus

424 3212 675 3295 inscriptiones.“
717 3212 765 3276 De
788 3213 1045 3295 interpretatione
1068 3213 1169 3276 latina
1189 3213 1319 3277 vocibus
1341 3213 1463 3295 graecis
1483 3213 1630 3296 apposita

425 3325 544 3390 ibidem
565 3324 651 3408 dicit,
673 3326 735 3390 sibi
756 3327 797 3391 ab
818 3327 908 3391 initio
929 3345 1040 3391 vocum
1070 3327 1344 3409 interpretationes
1371 3326 1508 3392 adiicere
1529 3328 1630 3392 consi-

423 3438 500 3503 lium
520 3459 582 3503 non
604 3438 716 3519 t'uisse,
744 3440 800 3504 sed
822 3440 857 3502 in
883 3440 954 3523 ipsa
977 3438 1227 3524 demnmoperis
1249 3440 1456 3524 dispositione
1476 3442 1629 3506 rationem

424 3553 457 3617 id
480 3554 632 3635 suasisse,
661 3555 707 3617 ita
733 3560 768 3619 ut
795 3554 962 3619 latinorum
981 3554 1155 3620 Bibliorum
1171 3556 1326 3639 Vulgatae
1344 3555 1492 3620 editionis
1513 3557 1628 3620 versio-

424 3687 506 3750 nem,
526 3668 693 3750 aliquoties
705 3668 910 3750 Erasmicam,
930 3669 1064 3750 interim,
1081 3670 1234 3753 neglectis
1247 3670 1515 3750 translationibus,
1532 3671 1629 3752 signi-

424 3782 586 3848 ficationes
615 3784 648 3847 in
672 3784 802 3848 buccam
824 3784 987 3848 venientes
1008 3785 1227 3868 assignaverit.
1268 3785 1413 3867 Denique
1440 3784 1524 3867 quod
1545 3785 1629 3849 solos

425 3899 563 3982 capitum
589 3919 734 3964 numeros
761 3900 850 3964 libris
877 3900 1002 3965 biblicis
1029 3900 1247 3984 adscripserit,
1274 3899 1393 3965 ibidem
1414 3901 1460 3964 sie
1483 3907 1627 3965 excusat:

424 4013 577 4096 „Latinae
604 4013 871 4093 [concordantiae]
900 4035 994 4080 unam
1019 4015 1138 4080 habent
1157 4014 1426 4098 commoditatem,
1456 4035 1550 4097 quam
1571 4035 1629 4079 nos

425 4131 551 4212 assequi
578 4130 708 4194 minime
734 4130 900 4213 potuimus.
941 4131 1024 4195 Nam
1053 4150 1110 4214 per
1140 4135 1207 4195 tota
1234 4131 1342 4195 Biblia
1369 4130 1494 4214 singula
1521 4130 1628 4215 capita

425 4244 612 4327 quibusdam
632 4243 793 4308 literarum
806 4244 1039 4309 characteribus
1061 4252 1132 4310 sunt
1145 4246 1352 4326 interstincta,
1369 4247 1483 4329 quibus
1496 4247 1530 4310 in
1548 4246 1626 4312 Con-

380 4411 382 4414 .
424 4359 596 4424 eordantiis
623 4358 734 4423 literae
761 4360 963 4442 respondent:
998 4359 1111 4442 quibus
1138 4360 1214 4442 quia
1243 4361 1433 4426 Graecorum
1454 4361 1627 4426 Bibliorum

417 4473 579 4540 'editiones
608 4475 748 4539 maxima
784 4495 822 4540 ex
849 4482 938 4560 parte
963 4478 1088 4556 carent,
1123 4474 1158 4539 id
1189 4475 1274 4556 quod
1305 4475 1470 4559 voluimus,
1500 4476 1626 4558 assequi
