3738 5720
691 555 971 608 naonncounua.
1267 600 1293 632 „
1362 547 1436 603 xm

356 704 500 786 Denique
522 703 719 789 Appendicis
740 703 808 767 loco
830 700 991 766 svbivnxit
1067 749 1068 754 η

355 819 507 884 hexica
527 818 829 884 Particularvm
849 815 1114 882 Ebraicarvm
1134 816 1137 898 l
1154 816 1235 882 Ioh.
1256 815 1434 881 Michae-

432 933 486 998 lis
510 939 542 998 et
563 933 709 1000 Christ.
732 931 940 998 Koerberi.

602 1114 698 1180 Basil.
718 1115 858 1179 Prooem.
879 1112 920 1178 de
940 1113 1022 1210 Spin.
1039 1114 1070 1179 S.

299 1246 337 1306 Er‘
354 1247 384 1307 ἐκ
406 1249 462 1308 τοῦ
486 1243 584 1327 νόμου
607 1248 683 1309 ἰῶτα
702 1239 734 1307 (ἓν
753 1239 772 1327 ἢ
793 1245 850 1324 μία
868 1242 1027 1336 accatucci
1050 1241 1275 1328 παρελεύσεται,
1300 1246 1366 1317 πῶς

401 1355 439 1422 ἄν
462 1360 534 1443 ἡμῖν
551 1363 555 1442 j
574 1357 710 1444 ἀσφαλὲς
728 1358 917 1442 ὑπερβαίνειν
933 1359 982 1420 καὶ
1003 1359 1042 1420 τὰ
1062 1355 1261 1441 σμικρότατα.

353 1477 448 1540 lenae
465 1476 470 1557 1
490 1475 651 1541 Svmtibvs
670 1477 714 1540 lo.
736 1475 853 1540 Felicis
874 1473 1019 1539 Bielckii.
1039 1475 1043 1555 l
1061 1489 1090 1537 M
1110 1488 1180 1538 noc
1203 1489 1333 1538 xxxrrrr

234 1588 314 1655 Huic
341 1589 476 1672 longiori
501 1589 591 1654 titulo
619 1608 720 1671 aeque
746 1609 784 1654 ac
811 1589 845 1652 in
870 1588 967 1671 priori
992 1587 1130 1652 editione
1150 1587 1302 1653 Noldiani
1331 1588 1436 1673 operis

235 1703 426 1768 antecedunt
459 1703 521 1768 duo
549 1703 642 1785 folia,
676 1723 806 1786 quorum
839 1702 927 1786 prius
957 1701 1067 1766 Noldii
1100 1702 1236 1784 effigiem
1272 1703 1436 1768 subiuncto

233 1817 387 1883 Borrichii
408 1818 652 1903 epigrammate,
680 1817 812 1882 alterum
832 1817 1007 1883 breviorem
1028 1806 1152 1881 titulum
1171 1816 1280 1900 figuris
1300 1818 1435 1882 cinctum

233 1931 393 2014 exhibent,
412 1938 576 2015 utrumque
596 1933 661 1996 aeri
675 1932 816 1997 incisum.
856 1933 944 1997 Haec
962 1931 1040 1997 folia
1062 1951 1082 1995 a
1102 1931 1197 2015 priori
1217 1931 1356 1997 editione
1367 1937 1435 1996 tan-

232 2051 298 2110 tum
316 2045 464 2112 differunt
483 2047 595 2112 maiori
616 2046 834 2130 magnitudine
855 2052 887 2111 et
908 2046 977 2111 loco
998 2047 1135 2129 annique
1155 2066 1300 2128 numero,
1321 2046 1355 2110 in
1376 2045 1436 2111 hoc

232 2161 316 2225 enim
330 2161 420 2226 titulo
433 2161 562 2245 legitur:
577 2163 691 2244 „lenae
708 2163 711 2241 l
730 2163 844 2244 1734.“‚
861 2161 895 2226 in
911 2160 980 2225 illo:
1001 2159 1164 2243 „Hauniae
1182 2163 1184 2240 l
1202 2161 1317 2240 1679.“‚
1330 2166 1436 2225 cetera

233 2275 381 2358 aequalia
400 2280 481 2340 sunt.
1183 2335 1186 2340 .

312 2391 400 2456 Haec
420 2391 537 2474 Editio,
556 2411 651 2475 quam
671 2410 711 2456 ex
732 2396 839 2455 nostra
857 2389 1056 2456 Bibliotheca
1069 2388 1262 2456 Academica
1282 2389 1315 2454 in
1336 2391 1434 2455 mani-

233 2504 290 2569 bus
312 2504 425 2587 habeo,
448 2513 573 2591 praeter
593 2507 655 2571 tria
674 2505 752 2571 folia
772 2505 865 2570 modo
886 2503 1046 2589 descripta
1067 2504 1206 2570 continet
1231 2508 1301 2587 ¹¹4i
1326 2506 1435 2588 plagu-

233 2618 290 2684 las.
326 2620 467 2698 Quatuor
485 2620 571 2703 folia,
593 2641 674 2704 quae
689 2620 863 2704 longiorem
877 2619 1002 2684 titulum
1016 2625 1196 2702 sequuntur,
1217 2620 1244 2701 *,
1257 2619 1304 2702 **,
1318 2619 1372 2659 *²⁸*
1396 2621 1435 2686 si-

201 2759 207 2773 ·
233 2740 340 2817 gnata,
363 2734 513 2801 exhibent
533 2735 600 2800 Ioh.
613 2734 724 2801 Gottlr.
736 2734 864 2818 Tympii
881 2732 1119 2817 praefationem,
1141 2733 1334 2816 subsequens
1347 2734 1435 2816 quin-

114 2869 119 2876 ·
233 2853 298 2912 tum
310 2849 381 2888 ****
393 2849 551 2933 signatum
563 2849 672 2915 Noldii
693 2848 922 2932 praefationem
942 2867 981 2914 ex
1003 2849 1107 2932 priore
1128 2847 1268 2914 editione
1284 2869 1437 2926 recusam,

233 2969 354 3027 sextum
376 2964 514 3029 continet
536 2964 695 3030 Witzlebii
716 2964 757 3030 de
780 2964 941 3029 Noldiano
962 2983 1057 3048 opere
1074 2962 1286 3028 testimonium
1307 2970 1339 3028 et
1360 2965 1435 3029 Bar-

232 3076 360 3160 tholini,
387 3077 552 3162 Vindingii
586 3085 618 3145 et
644 3079 807 3144 Mbinichii
837 3080 870 3143 in
899 3079 1049 3143 Noldinm
1081 3077 1325 3161 epigrammata,
1354 3097 1436 3160 quae

230 3211 334 3274 aeque
356 3211 394 3257 ac
412 3191 492 3256 illnd
513 3213 553 3258 ex
575 3194 680 3277 priore
700 3193 775 3259 edit.
796 3194 932 3277 repetita
950 3198 1030 3258 sunt.
1071 3193 1146 3257 Post
1166 3191 1245 3258 haec
1266 3198 1436 3275 sequuntur

231 3305 483 3372 concordantiae
504 3307 611 3391 ipsae,
637 3329 719 3391 quae
741 3311 800 3392 73}
823 3309 970 3392 plagulas
993 3307 1105 3372 litteris
1126 3305 1251 3387 Α-Ζ,
1280 3307 1436 3386 Aa-Zz,

230 3417 429 3502 Aea-Zau,
457 3419 694 3486 Aaaa-Ftll'1
725 3423 883 3505 signatae,
914 3442 988 3507 pag.
1015 3421 1150 3484 1-598.
1178 3421 1434 3505 complectuntur.

230 3534 331 3599 Huius
361 3535 466 3619 operis
488 3536 588 3600 altera
608 3557 699 3620 pars,
728 3537 958 3603 annotationes
986 3543 1017 3602 et
1045 3533 1210 3601 Vindicias
1243 3541 1275 3600 et
1302 3542 1435 3619 quatuor

230 3647 355 3713 Indices
388 3648 557 3731 exhibens,
598 3651 738 3716 continet
769 3653 804 3714 31
839 3651 985 3734 plagulas
1018 3649 1132 3715 litteris
1167 3650 1434 3733 naaaa-xzzzz,

229 3763 406 3826 Aaaaaa-
415 3762 554 3828 Hhhhhh
567 3765 719 3849 signatae,
731 3785 862 3848 quarum
879 3765 1016 3850 paginae
1031 3764 1139 3848 (priori
1153 3765 1233 3830 serie
1247 3765 1433 3849 intenupta)

230 3896 374 3942 numeros
396 3880 567 3942 737-984
591 3879 718 3945 habent.
759 3881 818 3944 His
838 3879 974 3962 denique
1002 3899 1127 3943 annexa
1147 3885 1220 3944 sunt
1250 3881 1278 3960 1)
1296 3879 1362 3945 loh.
1376 3880 1433 3944 Mi-

228 3989 348 4055 chaelis
369 3992 509 4057 Lexicon
530 3994 757 4059 Particularum
785 3994 1008 4077 Ebraicarum,
1039 4014 1109 4059 cum
1129 3993 1329 4059 Praefatione
1351 3992 1432 4076 Aug,

275 4201 280 4232 ¹
303 4200 338 4256 ln
359 4201 416 4257 hoc
433 4219 520 4275 opere
543 4199 731 4275 alphabetum
754 4220 827 4270 non,
855 4198 941 4258 sicuti
963 4199 994 4257 in
1016 4199 1107 4276 priori
1131 4199 1275 4272 editione,
1303 4199 1358 4271 24,
1380 4201 1431 4258 sed

227 4301 262 4354 ut
282 4295 354 4354 alias
376 4295 415 4355 23
442 4296 577 4371 plagulas
603 4297 748 4368 continet,
775 4299 898 4356 tertium
921 4306 1019 4357 autom
1042 4299 1231 4373 alphabetum
1261 4297 1432 4354 Aca—Zzz

226 4396 342 4450 tantum
363 4391 419 4464 22,
448 4394 583 4471 quoniam
608 4415 667 4453 una
692 4396 756 4454 eius
774 4396 893 4472 plagula
914 4396 991 4455 binis
1011 4395 1119 4454 litteris
1140 4396 1203 4471 Ppp
1226 4397 1292 4473 Qqq
1318 4394 1433 4467 signata

228 4497 291 4558 est,
309 4487 415 4547 ultima
436 4489 524 4547 huius
542 4489 635 4566 partis
657 4490 808 4565 signatura
821 4492 886 4549 Frff
905 4491 962 4549 tria
982 4496 1095 4551 tantum
1114 4490 1184 4549 folia
1200 4490 1409 4567 complectitur.
