3738 5720
690 533 970 585 PROLEGOMENA.
1390 536 1440 587 xv

238 684 354 747 tatione
377 703 434 746 sua
455 683 521 765 ipse
536 687 661 759 narrat,
683 699 717 744 se
740 679 870 743 iuvenili
892 685 1009 760 aetate,
1037 699 1225 763 quamquam
1249 681 1439 752 Christiano-

239 817 305 860 rum
326 796 554 879 disputationes
576 795 616 859 de
638 794 792 876 religione
812 800 843 858 et
862 793 924 858 lide
945 814 1003 858 sua
1019 793 1161 876 fugisset,
1179 794 1319 876 quotidie
1338 797 1439 878 aqui-

240 909 370 974 busdam
398 909 536 993 paruulis
566 909 700 992 superbe
729 915 931 990 provocatum
954 927 1037 987 esse,
1066 913 1100 970 ut
1127 907 1169 971 ad
1189 908 1328 991 ipsorum
1349 929 1438 991 argu-

239 1031 343 1088 menta
362 1023 585 1106 responderet,
617 1031 683 1085 tum
712 1041 746 1084 se
774 1021 856 1085 inter
883 1041 988 1084 eorum
1016 1021 1112 1085 libros
1138 1021 1298 1086 invenisse
1326 1023 1439 1088 librum

241 1137 405 1219 quendam,
428 1156 519 1218 quern
539 1137 650 1219 lingua
670 1156 728 1200 sua
748 1142 895 1200 vocarent
918 1135 1166 1200 concordantias
1183 1136 1332 1219 Biblioas,
1353 1138 1440 1201 ouius

241 1271 299 1334 ope
321 1271 445 1315 omnem
467 1250 606 1334 lapidem
630 1257 738 1315 contra
760 1271 793 1314 ss
810 1251 982 1334 proiectum
1005 1250 1184 1336 repulisset,
1205 1249 1287 1314 hanc
1307 1251 1347 1316 oh
1368 1271 1439 1315 cau-

241 1385 307 1429 sam
335 1385 368 1430 se
396 1366 463 1429 eius
484 1365 721 1428 translationem
742 1365 774 1428 in
798 1364 939 1447 linguam
958 1364 1129 1428 hebraeam
1150 1363 1211 1428 sibi
1231 1365 1439 1448 proposuisse.

240 1479 288 1542 Ex
317 1479 430 1560 quibus
458 1479 658 1561 intelligitur,
687 1478 866 1542 Nathanem
896 1477 1029 1560 primum
1050 1477 1298 1543 Concordantias
1324 1480 1440 1544 latinas

242 1593 386 1657 hebraice
416 1601 596 1656 convertere
612 1592 788 1672 ·statuisse;
819 1590 875 1656 sed
903 1611 973 1654 oum
1001 1611 1056 1655 eas
1085 1593 1125 1656 ob
1151 1593 1440 1676 interpretationem

242 1707 371 1771 latinam
397 1707 457 1772 sibi
487 1728 548 1771 non
570 1712 766 1772 constantem
787 1706 940 1771 Hebraeis
965 1707 1068 1771 minus
1093 1707 1270 1791 profuturas
1292 1707 1441 1788 crederet,

241 1843 320 1886 novo
341 1822 448 1887 labore
470 1842 507 1885 ex
531 1822 677 1886 hebraico
705 1827 791 1885 textu
814 1820 1064 1885 Concordantias
1084 1820 1274 1904 elaboravit,
1303 1822 1441 1905 capitum

243 1934 406 2014 divisione,
428 1956 521 2016 quam
545 1936 577 1998 in
596 1934 704 1998 latinis
725 1933 916 2015 inueniebat,
938 1939 1068 2012 retenta,
1089 1933 1207 1998 additis
1228 1954 1302 2000 vero
1323 1935 1363 1999 de
1384 1954 1440 1999 suo

242 2049 456 2115 commatibus.
491 2051 607 2112 Auctor
630 2049 663 2111 in
687 2067 761 2112 suae
776 2047 980 2130 praelationis
1002 2047 1064 2111 fine
1083 2047 1211 2130 indicat,
1232 2069 1265 2113 se
1286 2049 1441 2132 hocopus

242 2163 396 2247 incepisse
416 2184 497 2227 anno
515 2162 765 2243 rosamundam
782 2162 1037 2245 supputationem
1059 2162 1219 2242 minorem,
1240 2163 1306 2228 scil.
1327 2164 1441 2229 omisso

242 2297 368 2343 numero
394 2278 585 2358 millenario,
615 2277 636 2340 i.
661 2296 688 2340 e.
718 2297 801 2340 anno
827 2275 936 2340 mundi
965 2277 1059 2358 5198,
1088 2276 1141 2358 qui
1168 2284 1217 2342 est
1243 2297 1343 2342 annus
1370 2285 1442 2361 post

245 2391 400 2455 Christum
422 2399 485 2454 nat.
515 2391 617 2470 1438),
646 2395 677 2453 et
700 2389 818 2453 finiisse
845 2409 929 2452 anno
957 2390 1015 2451 208
1045 2390 1078 2471 (i.
1101 2409 1127 2453 e.
1148 2410 1217 2453 am.
1234 2392 1338 2471 5208,
1358 2411 1441 2455 anno

244 2505 313 2569 Chr.
331 2506 444 2584 1448).Ι
490 2506 600 2586 Neque
622 2510 727 2568 tamen
749 2504 808 2568 hoc
828 2504 973 2569 decennii
993 2504 1096 2588 spatio
1118 2511 1238 2568 tantum
1259 2524 1337 2589 opus
1358 2505 1442 2570 solus

242 2620 385 2703 perfecit,
416 2621 472 2684 sed
496 2620 631 2703 plurium
660 2619 846 2703 scriptorum
873 2610 970 2703 opera
990 2639 1029 2685 ea
1049 2621 1082 2685 in
1105 2640 1138 2686 re
1158 2641 1233 2687 usus
1254 2629 1310 2686 est.
1351 2623 1442 2686 Hune

244 2815 288 2870 lta
314 2811 428 2868 iudicat
447 2807 628 2866 Reuchlinus
656 2807 688 2865 in
716 2808 899 2884 praefatione
931 2808 1067 2884 Capituur
1092 2809 1385 2884 concordantiamm,
1412 2819 1442 2870 et

242 2907 372 2982 Angelus
395 2926 413 2965 a
438 2907 545 2963 Sancto
564 2905 688 2964 Romulo
715 2906 746 2964 in
769 2905 970 2981 praefatione,
998 2926 1086 2983 quam
1108 2907 1328 2966 concordantiis
1356 2909 1442 2967 Marii

242 3007 279 3062 de
308 3003 425 3062 Gelasio
451 3003 603 3078 praefixit,
638 3001 690 3059 ubi
714 3004 787 3060 haec
815 3001 933 3061 scribit:
965 3002 1072 3074 „Alias
1100 3001 1175 3080 [scil.
1198 3004 1440 3082 Concordantiaa]

243 3101 338 3160 edidit
349 3101 494 3159 Hebraiee
508 3103 590 3159 Isaac
603 3099 721 3157 Nathan
732 3098 860 3157 Iudaeus
872 3099 1016 3170 Venetiis,
1037 3100 1116 3176 typis
1136 3101 1316 3171 Iustinianis,
1337 3108 1440 3178 postea

243 3203 343 3258 auctas
371 3198 453 3255 dedit
478 3199 510 3256 R.
533 3197 744 3254 Mardochaeus
765 3196 928 3255 Basilaae.“
990 3197 1110 3274 Aliquot
1138 3198 1242 3257 ludaei
1266 3200 1303 3256 de
1331 3200 1387 3259 hac
1407 3219 1439 3259 re

243 3295 369 3354 consulti
390 3275 565 3354 sententiam
593 3299 822 3372 proposuerunt:
854 3313 945 3353 unum
965 3295 1030 3353 eius
1052 3296 1148 3370 operis
1169 3297 1262 3355 fuisse
1283 3303 1440 3366 auctorem,

242 3393 295 3450 sed
315 3392 502 3464 binominem,
524 3394 600 3469 quod
621 3392 652 3449 in
672 3392 751 3466 gravi
765 3393 891 3468 quodam
913 3393 1021 3472 morbo,
1045 3413 1102 3470 quo
1125 3392 1156 3451 in
1170 3393 1369 3452 concinnando
1387 3394 1439 3453 illo

243 3507 330 3564 opere
351 3497 500 3564 correptus
525 3488 597 3560 fuit,
620 3508 725 3546 nomen
746 3489 909 3545 mutaverit.
951 3490 996 3545 Ita
1019 3507 1088 3562 ergo
1109 3488 1174 3546 fieri
1196 3488 1305 3565 potnit,
1324 3497 1366 3559 ut,
1389 3491 1440 3567 qui

240 3587 323 3660 prius
345 3584 513 3644 Mcrdochai
529 3586 647 3644 Nathan
662 3586 827 3661 appellatus
850 3584 916 3656 fuit,
932 3591 1000 3660 post
1019 3590 1221 3660 recuperatam
1243 3586 1440 3644 ualetudinem

244 3681 326 3738 Isaac
353 3683 472 3739 Nathan
502 3681 598 3740 vocari
625 3680 764 3750 voluerit,
797 3680 913 3738 nomine
940 3679 1078 3738 videlicet
1105 3679 1157 3737 illo
1184 3701 1257 3741 novo
1284 3683 1316 3740 in
1341 3684 1441 3743 morbo

243 3782 399 3851 assumpto.
460 3779 536 3834 Nam
564 3796 703 3853 expresse
730 3777 773 3834 ita
803 3797 835 3834 se
863 3777 927 3851 ipse
956 3776 1091 3851 appellat.
1153 3778 1321 3836 Mardochai
1343 3785 1441 3838 autem

243 3876 362 3930 vocatur
382 3871 413 3928 in
435 3870 532 3943 titulo,
555 3873 605 3949 qui
629 3871 750 3947 abipso
773 3892 831 3930 non
854 3871 1055 3930 videturesse
1082 3873 1265 3948 compositus.

291 3972 298 4004 ¹
321 3968 467 4026 storeae
489 3968 578 4026 etiam
591 3969 759 4028 Buxtorfius
780 3969 812 4026 in
831 3968 1015 4044 praelatione
1028 3969 1307 4030 concordantiamm
1323 3992 1442 4032 suarum

244 4064 374 4140 scripsit3
403 4067 444 4124 lo.
465 4065 632 4141 christoph.
677 4065 760 4124 Wolf
777 4065 809 4123 in
827 4065 1013 4124 Bibliotheca
1032 4067 1160 4125 hebraea
1180 4068 1259 4127 Tem.
1280 4070 1303 4126 I.
1325 4091 1353 4146 p.
1375 4069 1441 4132 680.

245 4169 275 4220 et
296 4163 350 4221 Iul.
373 4163 479 4221 Fuerat
499 4163 531 4221 in
553 4164 739 4223 Bibliotheca
756 4165 872 4223 iudaice
893 4166 925 4224 P.
939 4167 993 4222 ΙΙΙ,
1015 4185 1043 4241 p.
1061 4163 1107 4224 22.
1129 4165 1204 4223 salso
1224 4167 1365 4230 referunt.
1389 4170 1443 4226 hoc

244 4279 318 4334 opus
336 4279 413 4318 anno
434 4257 637 4330 munditate,
658 4279 734 4320 anno
749 4260 860 4319 Christi
877 4260 953 4319 1445
974 4281 1040 4320 esse
1060 4261 1184 4334 finitum,
1205 4262 1235 4320 in
1257 4283 1344 4340 quem
1366 4284 1443 4322 erro-

243 4377 361 4415 remeo
385 4358 465 4416 ducti
487 4367 569 4429 sunt,
597 4359 675 4436 quod
697 4378 850 4416 numerum
870 4350 914 4417 ri'u
936 4360 966 4434 (i.
989 4380 1013 4418 e.
1034 4357 1120 4434 208),
1146 4360 1196 4437 qui
1218 4360 1333 4435 inipso
1356 4380 1443 4436 opere

244 4454 322 4512 clare
341 4454 459 4526 legitur,
482 4460 686 4532 permutarunt
706 4475 771 4514 curn
787 4449 833 4514 ,ἦ
856 4457 888 4534 (i.
910 4477 935 4515 e.
956 4455 1036 4534 205).
