3738 5720
438 557 541 610 XXXII
918 555 1200 632 PhOLEGOMENA.

440 703 569 768 dantiae
580 703 749 785 Nathanis,
768 703 881 786 quibus
902 709 1006 768 autem
1025 702 1165 768 addendi
1182 708 1272 768 erant
1293 701 1415 784 aliquot
1433 699 1556 765 centeni
1570 699 1642 782 loci,

440 837 518 900 quos
539 818 592 883 ille
614 819 827 902 praeterierat,
847 818 943 883 etiam
964 817 1120 901 quaedam
1142 837 1234 882 voces
1253 835 1356 882 norae
1371 814 1412 880 ab
1427 815 1482 880 illo
1499 815 1642 880 omissae.

439 933 609 1016 Augmenti
636 933 710 998 novi
738 933 807 998 loeo
836 933 957 1000 censeri
985 937 1090 1017 potest
1112 938 1143 996 et
1161 931 1236 1013 hcc,
1265 930 1349 1015 quod
1369 949 1477 1022 omnes
1503 929 1550 993 illi
1572 928 1643 1011 loci,

441 1047 495 1129 qui
516 1047 550 1111 in
570 1047 726 1132 prioribus
739 1047 978 1113 Oouccrdantiis
998 1047 1078 1111 duas
1101 1047 1151 1111 vel
1171 1052 1233 1110 tres
1251 1045 1397 1110 diversae
1415 1044 1534 1109 formae
1549 1063 1643 1109 voces

441 1161 533 1228 unius
554 1160 671 1227 radicis
683 1162 895 1244 continebant,
916 1162 956 1227 de
977 1181 1059 1227 novo
1080 1160 1204 1226 fuerunt
1223 1159 1431 1240 describendi,
1453 1164 1487 1223 ut
1498 1158 1642 1242 singulae

440 1275 558 1341 lbrmae
587 1276 702 1342 iustum
732 1296 822 1342 suum
849 1295 1011 1341 numemm
1038 1276 1225 1360 acciperent.
1273 1276 1402 1339 Praeter
1430 1273 1510 1338 haec
1537 1272 1644 1338 omnia

440 1379 500 1456 hae
512 1389 762 1457 concordantiae
782 1390 939 1475 prioribus
959 1390 1053 1474 longe
1072 1384 1292 1474 castigatiores
1306 1395 1393 1472 sunt;
1414 1387 1539 1471 plurimi
1559 1387 1644 1452 enim

440 1505 502 1570 loci
524 1505 647 1570 illarum
669 1505 760 1590 pravi
788 1505 822 1569 in
845 1506 895 1570 his
921 1511 994 1570 sunt
1014 1504 1183 1570 emendati.
1204 1541 1244 1550 —-
1270 1505 1341 1568 Duo
1366 1511 1472 1568 autem
1491 1503 1541 1568 his
1563 1503 1643 1568 Con-

350 1699 355 1710 ,
439 1619 612 1686 dordantiis
634 1619 791 1686 hebraicis
817 1619 946 1686 desunt:
972 1619 1074 1703 primo
1089 1619 1271 1704 particulae
1294 1619 1448 1705 quaedam
1469 1617 1643 1682 a'adecliua·

441 1734 527 1808 balea,
545 1733 683 1799 secundo
699 1732 829 1798 nomina
847 1735 992 1819 propria.

427 1904 431 1911 .
523 1847 773 1914 concordantiae
800 1847 983 1931 chaldaicae
1003 1847 1044 1913 de
1065 1868 1147 1913 novo
1168 1854 1241 1914 sunt
1261 1847 1414 1913 adiectae.
1455 1848 1492 1924 ln
1512 1846 1562 1910 his
1580 1825 1643 1934 non

442 1963 543 2029 solum
569 1982 664 2029 voces
687 1962 825 2045 flexiles,
859 1963 916 2028 sed
943 1963 1039 2028 etiam
1065 1982 1173 2028 omnes
1202 1961 1375 2047 particulae
1403 1961 1645 2027 indeclinabiles

442 2077 650 2144 continentur.
706 2077 798 2157 Quod
827 2079 868 2143 ab
896 2077 1053 2143 hebraicis
1078 2083 1244 2162 separatae
1272 2082 1361 2158 sunt,
1389 2095 1491 2159 neque
1519 2075 1644 2139 illamm

443 2191 614 2277 alphabeto
635 2191 787 2276 insertae,
815 2192 849 2257 id
874 2192 1002 2275 quidem
1029 2211 1067 2257 ea
1095 2191 1135 2257 de
1159 2211 1257 2257 causa
1282 2191 1477 2272 factumest,
1499 2189 1644 2273 quodde

442 2307 506 2372 illis
525 2305 617 2372 initio
637 2307 742 2391 operis
761 2327 824 2372 non
849 2313 917 2372 erat
937 2307 1118 2391 cogitatum.

522 2405 705 2505 Methodus,
728 2441 808 2506 quac
829 2409 862 2486 in
884 2421 1040 2506 prioribus
1061 2421 1300 2488 Concordantiis
1320 2426 1388 2486 crat
1408 2411 1551 2502 obscura,
1572 2440 1643 2484 con-

441 2536 513 2602 fusa
540 2542 572 2602 et
592 2535 747 2619 difficilis,
773 2556 843 2602 eum
871 2537 929 2601 sub
957 2557 1021 2600 una
1042 2536 1165 2619 radice,
1195 2537 1263 2601 eius
1283 2542 1348 2601 tam
1370 2536 1532 2621 primitiva
1550 2555 1645 2618 quam

442 2651 620 2717 derivativa
627 2700 635 2733 ,
669 2671 733 2717 una
764 2671 834 2716 cum
866 2652 1059 2734 singulorum
1083 2650 1272 2717 flexionibus
1305 2651 1501 2734 diversisque
1527 2650 1645 2732 formis,

442 2767 512 2831 sine
532 2766 597 2830 ulla
619 2765 836 2849 distinctione,
862 2766 931 2831 sine
961 2766 1034 2831 ullis
1061 2766 1322 2832 vocalium-notis
1346 2771 1452 2831 essent
1472 2765 1644 2850 proposita,

330 2895 335 2906 '
442 2881 476 2944 in
496 2880 546 2945 bis
567 2880 658 2946 novis
680 2886 728 2945 est
748 2881 842 2963 clara,
861 2880 1007 2945 ordinata
1028 2887 1060 2945 et
1079 2880 1192 2946 facilis.

523 2994 628 3060 Primo
657 2995 741 3060 enim
769 2995 908 3060 omnium
935 2995 968 3058 in
993 2994 1095 3060 fronte
1121 2995 1259 3059 cuiusvis
1286 2994 1434 3074 vocabuli
1461 2993 1646 3079 proponitur

321 3190 324 3198 Ι
444 3109 536 3174 radix
563 3109 663 3174 tribus
685 3109 866 3174 maiusculis
889 3109 1003 3174 litteris
1031 3129 1195 3193 expressa3
1221 3128 1302 3192 quae
1330 3109 1434 3194 plures
1462 3128 1557 3191 quam
1581 3112 1644 3171 tres

443 3224 562 3289 habent
582 3223 754 3306 radicales,
775 3223 808 3287 in
834 3223 896 3288 fine
917 3225 1067 3307 cuiusque
1089 3224 1212 3307 litterae
1231 3223 1392 3308 alphabeti
1419 3223 1550 3288 seorsim
1575 3242 1644 3306 pro-

443 3345 609 3423 ponuntur.
650 3339 763 3404 Radici
783 3339 930 3404 continuo
951 3324 1120 3423 apponitur
1140 3338 1299 3404 Nathanis
1319 3337 1474 3422 expositio
1495 3337 1646 3402 hebraica

443 3454 529 3538 typis
554 3453 741 3537 rabbinicis3
777 3453 851 3518 huic
878 3452 1046 3519 hebraicae
1074 3452 1264 3537 expositioni
1294 3451 1334 3516 de
1363 3472 1444 3517 novo
1472 3451 1645 3532 subiicitur,

443 3588 506 3632 unc
527 3569 578 3633 vel
599 3568 740 3652 pluribus
750 3557 931 3650 vocabulis,
945 3553 1035 3651 quasi
1048 3568 1216 3632 summaria
1229 3566 1297 3632 eius
1310 3567 1526 3650 interpretatio
1537 3553 1645 3648 latina,

443 3682 560 3747 radicis
586 3682 848 3765 significationem
873 3683 1054 3765 generalem
1081 3681 1242 3748 exhibens.
1284 3681 1319 3747 Si
1347 3680 1437 3745 radix
1463 3680 1646 3764 multiplicis

444 3802 492 3862 est
509 3796 760 3879 significationis,
780 3797 813 3861 in
837 3803 953 3862 certum
977 3793 1241 3880 significationum
1262 3816 1423 3860 numerum
1440 3794 1645 3875 distribuitur,

443 3931 525 3994 quae
545 3911 708 3995 sigillatim
728 3911 843 3977 deinde
865 3911 1065 3977 declarantur
1081 3916 1112 3976 et
1134 3916 1356 3995 proponuntur.

523 4025 643 4092 Radice
664 4026 749 4092 dicto
776 4025 869 4090 modo
891 4026 1067 4111 proposita,
1093 4032 1134 4108 et,
1154 4025 1208 4090 ubi
1224 4044 1366 4107 necesse,
1395 4025 1429 4088 in
1449 4042 1551 4087 ramos
1572 4041 1645 4086 suos

355 4185 359 4192 -
444 4141 589 4224 diducta,
610 4141 753 4225 singulae
774 4148 945 4224 sequuntur
965 4161 1075 4224 voces,
1097 4140 1251 4224 a-quibus
1273 4138 1334 4204 loci
1355 4138 1465 4203 biblici
1488 4135 1645 4201 subiuncti

444 4255 634 4339 dependent.
675 4257 776 4323 Voces
795 4256 951 4322 hebraeae
970 4256 1162 4341 principales
1176 4255 1209 4319 in
1230 4253 1335 4319 medio
1356 4253 1459 4317 lineae
1478 4256 1646 4339 ponuntur,

444 4376 568 4459 punctis
589 4373 752 4439 vocalibus
771 4372 922 4446 vestitae,
941 4378 982 4446 ¹et
1009 4369 1266 4454 interpretatione
1295 4368 1395 4432 latina
1422 4367 1465 4431 ad
1480 4345 1646 4431 'sinistram

446 4490 630 4555 illustratae.
662 4487 737 4554 Loci
753 4487 872 4570 biblici,
887 4487 921 4551 in
942 4485 1055 4570 quibus
1075 4485 1270 4569 propesitum
1284 4483 1470 4550 vocabulum
1484 4483 1646 4566 reperitur,
