3738 5720
886 553 1168 606 PROLEGOMENA.

823 775 850 836 2.
873 772 993 837 Marii
1019 771 1066 836 de
1094 771 1270 838 Oalasio.

527 906 680 970 Marius
701 904 748 970 de
770 905 951 986 Calasio,
981 904 1027 984 ita
1055 905 1294 987 cognominatus
1326 905 1367 970 ab
1396 905 1514 989 oppido
1543 904 1653 983 natali,

448 1021 533 1104 quod
554 1021 636 1085 inter
647 1021 823 1086 Samnitum
842 1028 993 1086 montana
1012 1040 1074 1084 non
1097 1021 1191 1103 longe
1214 1020 1311 1084 distat
1323 1021 1364 1084 ab
1378 1020 1495 1102 Aquila
1514 1019 1653 1099 civitate,

448 1135 575 1216 humili,
599 1134 655 1200 sed
682 1135 813 1200 honesto
841 1155 957 1218 genere
985 1139 1095 1214 natus,
1124 1134 1308 1200 adolescens
1327 1134 1490 1199 Francisci
1511 1132 1654 1198 instituto

448 1271 560 1315 nomen
579 1249 675 1314 dedit.
717 1250 862 1334 Expletis
883 1250 1045 1330 tirociniis,
1068 1250 1182 1314 artium
1197 1249 1410 1314 liberaliorum
1429 1256 1460 1313 et
1476 1247 1654 1330 theologiae

402 1409 404 1414 -
449 1364 627 1445 curriculis,
654 1363 869 1429 addiscendae
892 1364 1021 1447 linguae
1041 1364 1210 1429 hebraicae
1232 1369 1316 1428 totus
1341 1363 1492 1429 incubuit.
1534 1363 1655 1426 Tantos

449 1479 482 1542 in
509 1479 569 1543 hoo
592 1477 689 1543 studii
710 1497 825 1560 genere
845 1477 919 1543 lecit
941 1497 1141 1562 progressus,
1171 1484 1205 1543 ut
1225 1478 1341 1543 Paulus
1364 1479 1401 1543 V.
1418 1478 1562 1542 Pontifex
1584 1496 1655 1541 eum

449 1595 629 1677 generalem
645 1594 773 1676 linguae
795 1595 881 1660 hebr.
906 1595 1089 1678 magistrum
1110 1595 1229 1658 Romae
1250 1594 1429 1675 instituerit,
1449 1591 1656 1673 Doctorisqne

450 1709 627 1793 privilegiis
639 1715 670 1773 et
686 1709 777 1774 titulo
792 1709 998 1774 decoraverit.
1041 1709 1129 1775 Obiit
1146 1709 1407 1792 septuagenarius
1419 1714 1450 1773 et
1461 1707 1551 1788 ultra,
1568 1705 1655 1770 dnn.

451 1824 590 1888 Ianuarii
617 1826 702 1887 1620.
745 1823 864 1890 Olaruit
888 1823 945 1888 sub
966 1822 1148 1907 Rndolpho‚
1169 1822 1304 1886 Matthia
1320 1828 1351 1888 et
1373 1819 1574 1887 Ferdinando
1596 1821 1655 1884 hn-

451 1939 656 2023 peratoribus.
697 1938 831 2023 Scripsit
852 1939 1097 2004 Grammatioam
1120 1937 1162 2002 ad
1190 1938 1371 2003 hebraicam
1399 1937 1540 2020 linguam
1569 1934 1658 1998 addi-

451 2054 610 2134 scendam,
631 2053 861 2118 Diotionarirnn
886 2053 1077 2134 hebraicum,
1098 2059 1128 2118 et
1149 2052 1243 2117 hasce
1266 2051 1513 2118 Concordantias
1533 2049 1657 2114 hebrai-

452 2189 516 2251 cas,
538 2188 616 2252 quas
635 2168 751 2233 Paulus
777 2167 814 2232 V.
841 2173 913 2251 post
934 2167 1070 2232 auctoris
1091 2167 1209 2232 obitum
1241 2172 1385 2232 accurate
1413 2165 1464 2231 edi
1486 2164 1658 2250 praecepit,

452 2288 483 2347 et
508 2282 652 2362 Benigno
678 2280 854 2359 Genuensi,
888 2280 1044 2346 Minorem
1072 2281 1221 2346 Generali
1250 2281 1410 2359 Ministro,
1439 2280 1522 2345 hano
1551 2299 1658 2343 curam

453 2398 531 2462 tanti
558 2397 662 2480 operis
697 2395 812 2461 edendi
839 2395 1051 2460 demandavit.
1114 2395 1197 2459 Dum
1225 2400 1330 2460 autern
1354 2393 1585 2478 perquireretur
1609 2392 1660 2456 vir

453 2511 623 2596 praecipue
645 2510 813 2575 hebraicae
834 2510 962 2592 linguae
980 2529 1108 2592 gnarus,
1129 2509 1192 2591 qui,
1211 2509 1297 2591 quod
1317 2515 1425 2574 auctor
1443 2513 1543 2573 morte
1560 2508 1657 2592 impe-

454 2626 539 2690 ditus
568 2631 730 2709 praestare
750 2646 812 2690 non
844 2625 960 2708 potnit,
989 2624 1056 2690 eius
1078 2623 1203 2688 nomine
1227 2624 1409 2706 diligentius
1431 2630 1462 2688 et
1482 2622 1659 2688 accuratius

454 2739 640 2820 absolveret,
662 2739 857 2804 Michaeli
879 2738 1032 2821 Angelo
1056 2758 1076 2802 a
1098 2738 1245 2803 Sancto
1267 2737 1444 2818 Romulo,
1465 2734 1539 2802 ord.
1559 2735 1658 2800 Mino-

414 2905 416 2909 .
454 2874 521 2917 rum
549 2852 590 2918 de
613 2853 735 2918 observ.
757 2851 943 2917 Provinciae
964 2852 1110 2933 Genuae,
1138 2851 1332 2934 Theologiae
1351 2851 1522 2916 Prol'essori
1546 2856 1577 2915 et
1597 2850 1658 2915 He-

454 2968 581 3034 braioae
599 2968 742 3051 Linguae
762 2967 885 3033 Lectori
904 2967 1061 3050 generali,
1083 2968 1163 3032 haec
1182 2966 1351 3050 provincia.
1366 2964 1519 3030 mandata
1541 2972 1603 3046 est,
1624 2970 1659 3028 ut

456 3081 566 3148 sedula
589 3103 664 3148 cura
684 3083 790 3148 omnia
812 3083 982 3148 secundum
1002 3082 1102 3166 ipsius
1123 3082 1260 3147 auctoris
1280 3087 1416 3146 mentem
1438 3089 1548 3146 exacte
1570 3101 1659 3164 prae-

456 3198 532 3263 stita
549 3200 637 3283 prelo
658 3199 932 3264 committerentur.

536 3313 603 3378 Hoc
624 3333 702 3398 opus
729 3314 762 3378 in
790 3321 923 3395 quatuor
944 3319 1044 3379 tomos
1061 3313 1180 3378 formae
1200 3313 1358 3378 maximae
1378 3313 1578 3379 distributum
1600 3312 1659 3376 Ro-

456 3448 527 3493 mae
552 3430 636 3491 1621.
659 3427 777 3512 prodiit
797 3428 843 3494 sic
862 3429 1062 3513 inscriptum:

577 3541 828 3608 Concordantiae
846 3545 851 3623 l
869 3543 1035 3608 Sacrorum
1048 3543 1222 3608 Bibliorvm
1240 3544 1245 3625 Ι
1262 3542 1496 3625 Hebraioorvm,
1514 3543 1519 3624 l
1537 3544 1574 3606 ln
1594 3543 1661 3624 qui-

654 3655 713 3724 bus
725 3658 917 3724 Chaldaicae
932 3659 1027 3723 etiam
1044 3658 1208 3723 Librorum
1219 3657 1350 3739 Esdme,
1371 3665 1403 3721 et
1421 3660 1425 3737 l
1443 3657 1587 3722 Danielis
1605 3677 1661 3722 suo

654 3773 723 3838 loco
743 3773 936 3839 inseruntur:
957 3775 961 3856 Ι
978 3773 1113 3856 Deinde,
1135 3778 1206 3857 post
1224 3772 1411 3837 Thematnm
1433 3793 1487 3838 seu
1509 3772 1661 3838 Radicum

659 3888 765 3953 omnia
787 3888 947 3970 deriuata,
970 3896 1002 3954 et
1022 3907 1097 3954 usus
1118 3905 1121 3944 ι
1139 3887 1233 3953 latius
1254 3885 1405 3969 deducta3
1427 3907 1465 3952 an
1484 3887 1662 3971 linguarum

418 4109 421 4114 ¹
458 4111 513 4149 nus
538 4111 554 4149 a
582 4094 681 4152 Monte
704 4094 792 4154 Calvo
817 4093 952 4152 Pontifici
980 4093 1121 4166 Gregorio
1143 4093 1210 4151 XV.
1240 4092 1403 4166 dedicavit3
1439 4093 1565 4152 alterum
1595 4112 1663 4151 vero

458 4208 531 4263 opus
553 4189 648 4247 Rabbi
668 4193 774 4254 Asch.
797 4190 982 4261 heschol,
1003 4188 1178 4266 inscriptum
1200 4187 1313 4269 :13ng
1342 4204 1473 4272 lungun,
1495 4192 1572 4268 quod
1594 4190 1665 4254 Cra,

457 4285 556 4344 coriae
580 4284 664 4346 1534.
688 4287 729 4358 4⁰,
756 4287 827 4344 ibid.
852 4307 875 4345 s.
896 4307 919 4346 a.
941 4287 983 4358 4⁰,
1001 4285 1071 4344 ibid.
1098 4285 1183 4350 1552.
1202 4287 1269 4359 fol.,
1288 4288 1358 4346 ibid.
1383 4286 1466 4347 1584.
1489 4288 1523 4346 4⁰
1543 4287 1665 4367 prodiit,

457 4381 557 4456 potius
577 4382 655 4441 inter
675 4384 785 4442 Lexica
806 4385 872 4442 Vct.
890 4385 970 4442 Test.
991 4384 1203 4441 recensendum
1225 4403 1305 4452 esse,
1327 4383 1424 4442 exiis
1445 4385 1557 4457 elucet,
1586 4387 1665 4462 quod

378 4483 381 4487 '
457 4478 610 4536 Fuerstius
632 4479 664 4537 in
683 4480 823 4542 Biblioth.
846 4481 906 4539 iud.
919 4482 941 4542 Ι.
956 4499 985 4557 p.
997 4477 1045 4538 46.
1069 4479 1105 4537 de
1128 4497 1162 4538 eo
1184 4480 1283 4539 refert.
