3738 5720
717 531 996 584 PROLEGOMENA.
1415 533 1468 583 VH

268 676 425 756 quendum
447 677 508 741 nisi
530 697 590 760 ope
612 677 728 742 indicis
748 677 970 742 vocabulorum
991 678 1129 742 omnium
1149 677 1304 759 accurati,
1333 677 1375 742 ad
1396 697 1467 743 eum

267 788 492 854 conficiendum
519 810 553 855 se
581 791 734 872 accinxit,
763 792 931 875 pluresque
957 790 1099 872 sodales,
1138 790 1191 872 qui
1219 809 1298 872 opus
1324 790 1468 873 ipsismet

266 901 345 967 adeo
366 903 440 967 utile
461 903 597 969 futurum
618 924 724 970 secum
745 905 957 987 elaborarent,
979 904 1127 969 facillime
1148 903 1279 968 invenit

345 1017 387 1082 Ut
404 1037 546 1099 quaeque
567 1039 629 1083 vox
650 1019 683 1082 in
705 1020 800 1084 citato
821 1019 893 1083 libri
916 1018 1025 1083 biblici
1050 1019 1154 1102 capite
1175 1017 1301 1084 facilius
1319 1016 1467 1081 alectore

264 1131 451 1214 reperiatur,
481 1133 572 1215 Hugo
600 1133 719 1216 primus
744 1133 853 1196 divisit
876 1134 982 1196 omnia
1009 1114 1338 1196 libromm'sacrorum
1360 1130 1466 1214 capita

265 1264 327 1309 non
355 1245 454 1309 solum
482 1246 640 1329 longiora,
671 1247 727 1310 sed
755 1249 850 1312 etiam
873 1248 1018 1311 breviora
1045 1247 1078 1310 in
1100 1251 1221 1329 septem
1240 1250 1361 1329 partes,
1388 1264 1467 1326 quas

265 1364 385 1441 septem
405 1359 562 1442 prioribus
582 1361 745 1445 alphabeti
767 1362 879 1426 litteris
902 1381 931 1440 a,
952 1361 982 1441 b,
1002 1381 1028 1442 c,
1050 1361 1080 1440 d,
1101 1379 1128 1442 c,
1149 1360 1170 1440 l',
1192 1381 1222 1442 g.
1243 1359 1403 1440 distinxit,
1434 1364 1468 1422 ut

263 1470 360 1536 lector
390 1492 430 1536 cx
458 1472 518 1537 hac
545 1474 650 1538 littera
677 1494 804 1539 numero
832 1475 947 1558 capitis
976 1475 1009 1536 in
1039 1472 1278 1538 Concordantiis
1306 1470 1468 1554 adscripta

265 1591 449 1668 cognoscat,
477 1587 510 1650 in
534 1607 672 1669 quanam
696 1589 810 1672 capitis
838 1595 927 1672 parte
955 1587 1111 1670 quaedam
1131 1608 1194 1651 vox
1215 1584 1396 1668 quaerenda
1416 1586 1466 1650 sit.
1576 1673 1579 1678 .

266 1699 430 1781 Hugonem
454 1700 547 1765 huius
575 1721 698 1784 quoque
719 1702 930 1766 distinctionis
951 1701 1082 1766 consilio
1104 1721 1160 1766 suo
1179 1699 1274 1765 valde
1296 1719 1467 1764 accommo-

266 1812 358 1878 datae
380 1833 448 1878 esse
470 1815 675 1896 inventorem,
698 1815 807 1893 Quetil'
821 1835 858 1880 eo
878 1817 1044 1898 convincit,
1066 1815 1149 1898 quod
1171 1820 1244 1878 ante
1260 1833 1376 1878 annum
1390 1815 1467 1877 1230

267 1926 367 1991 nullus
395 1927 537 2011 proditur
557 1934 680 2011 auctor,
706 1930 760 2011 qui
788 1930 938 1995 librorum
965 1949 1123 1994 sacromm
1144 1928 1251 2012 capita
1271 1948 1328 2011 per
1348 1927 1468 2011 priores

266 2040 426 2124 alphabeti
451 2041 571 2106 litteras
599 2042 750 2108 distincta
778 2045 868 2126 citet,
901 2050 972 2128 post
1000 2044 1088 2108 illurn
1115 2063 1190 2107 vero
1217 2062 1333 2106 annum
1362 2040 1467 2124 plures

267 2156 473 2237 inveniuntur,
494 2157 548 2237 qui
569 2157 750 2240 Scripturae
771 2177 879 2222 sacrae
897 2159 982 2224 locos
1002 2158 1176 2224 itacham.
1215 2156 1279 2222 Sed
1292 2154 1467 2220 monendus

265 2275 311 2332 cst
332 2269 443 2351 lector,
469 2289 539 2334 eum
560 2269 649 2334 audit
666 2273 773 2355 capita
793 2273 967 2337 Bibliorum
990 2291 1046 2356 per
1069 2277 1190 2355 septem
1211 2269 1331 2354 priores
1356 2269 1465 2353 alpha-

268 2382 330 2446 beti
351 2382 473 2447 litteras
494 2383 653 2465 distincta,
675 2406 715 2450 ne
737 2387 858 2451 litteras
878 2387 950 2451 illas
971 2386 1130 2450 existimet
1150 2384 1184 2448 in
1204 2383 1318 2448 Bibliis
1337 2383 1403 2448 MS.
1423 2383 1466 2447 ad

266 2496 408 2578 quodque
435 2504 530 2581 caput
556 2519 695 2579 unquam
720 2501 898 2584 appositas,
927 2501 1021 2564 immo
1050 2500 1162 2564 necin
1182 2497 1292 2582 primis
1317 2503 1393 2581 typo
1414 2516 1466 2562 ex-

264 2610 377 2690 pressis
411 2610 445 2674 id
480 2612 596 2677 lactum
634 2620 689 2678 est.
760 2616 871 2696 Itaque
903 2614 1047 2694 quamvis
1081 2614 1113 2677 in
1151 2611 1391 2678 Concordantiis
1421 2611 1468 2676 sic

265 2722 544 2808 distinguerentur,
565 2727 634 2791 sola
654 2734 759 2792 tamen
778 2729 891 2792 mentiS
912 2728 981 2792 acie
1010 2725 1287 2807 (intellectualiter)
1310 2732 1341 2790 et
1364 2725 1465 2791 oculo-

196 2881 202 2891 .
264 2854 331 2898 mm
352 2837 466 2901 iutuitu
486 2839 542 2902 illa
562 2839 724 2905 dIstinctio
745 2842 903 2925 incapite
925 2829 1068 2924 quaesito
1090 2840 1194 2905 fiebat.

342 2949 461 3014 Harum
482 2959 587 3017 autem
605 2954 775 3037 primarum
795 2955 1102 3035 Concordantiarum,
1123 2973 1202 3035 quas
1222 2954 1315 3035 Hugo
1336 2952 1467 3034 invenit,

264 3063 342 3127 ratio
363 3063 442 3130 haec
463 3071 519 3129 est.
562 3067 756 3132 Vocabulum
778 3069 953 3150 quaesitum
973 3068 1068 3132 semel
1089 3066 1372 3150 tantum'ponitur,
1401 3071 1467 3130 tum

262 3175 292 3239 ci
314 3176 520 3244 subiiciuntur
540 3181 600 3245 loci
623 3201 740 3263 omncs,
761 3183 792 3245 in
815 3183 928 3262 quibus
945 3182 1107 3266 reperitur,
1121 3181 1209 3263 liber,
1230 3184 1325 3263 caput
1346 3179 1418 3243 libri
1436 3185 1467 3244 et

261 3309 335 3371 pars
356 3291 471 3374 capitIs
493 3292 642 3360 distincta
662 3315 772 3378 pera,
795 3297 831 3378 b,
852 3316 883 3376 c,
904 3295 941 3378 d,
962 3317 994 3378 c,
1012 3294 1040 3377 f,
1060 3316 1091 3377 g.
1127 3293 1192 3360 Sed
1211 3299 1352 3377 praestat
1374 3293 1466 3357 huius

261 3403 391 3467 rationis
422 3407 580 3489 specimen
604 3408 644 3473 ob
671 3408 796 3474 lectoris
823 3410 932 3486 oculos
958 3428 1090 3493 ponere,
1119 3407 1275 3496 quaedam
1302 3405 1464 3470 referendo

259 3520 421 3584 vocabula.
485 3521 650 3600 Quaelibet
676 3524 797 3607 pagina
826 3543 881 3607 per
908 3530 1041 3606 quatuor
1067 3529 1122 3586 aut
1145 3523 1283 3604 quinque
1304 3521 1464 3585 columnas

262 3638 309 3696 est
329 3631 488 3698 distincta.

548 3834 610 3886 ΑΔΔ
916 3849 972 3904 Ios
995 3850 1031 3905 II.
1052 3848 1080 3904 b.
1101 3847 1217 3905 XXIV.
1239 3846 1265 3904 b.

345 3928 448 3984 Ierem.
467 3929 487 3985 I.
510 3948 532 3985 c.
543 3929 625 3986 XIV.
648 3931 675 3986 d.
916 3948 945 4004 11
959 3927 1029 4019 [teg.
1052 3949 1154 4004 XXII,
1177 3947 1204 4003 b.
1227 3947 1253 4003 d.

343 4027 449 4085 Ezech.
465 4028 516 4084 IV.
532 4029 552 4085 f.
568 4029 652 4088 XXI.
668 4031 694 4086 b.
916 4048 958 4103 IV
970 4041 1040 4120 Rpg.
1064 4048 1128 4106 VII,
1148 4046 1176 4106 b.

342 4127 412 4184 1001.
435 4128 455 4184 1.
475 4127 493 4184 r.
916 4148 946 4202 11
964 4133 1031 4204 nso.
1052 4147 1103 4207 ru.
1127 4165 1149 4204 c.

502 4245 662 4304 Tmussssm
696 4251 698 4256 ’
915 4247 1006 4304 Thob.
1030 4247 1080 4303 IV.
1101 4249 1127 4304 (I.
1149 4247 1184 4304 V.
1205 4247 1231 4306 d.

344 4339 416 4396 Gen.
435 4341 456 4396 I.
478 4359 502 4395 a.
914 4346 1023 4404 Iudith.
1044 4349 1095 4405 IX.
1120 4367 1142 4404 c.

343 4439 430 4498 Deut.
454 4440 502 4501 IV.
522 4441 550 4498 b.
565 4442 600 4500 V.
623 4443 644 4500 f.
665 4443 811 4502 XXVIII.
827 4446 854 4502 d.
913 4447 1020 4504 Esther
1039 4445 1093 4504 XI.
1116 4466 1139 4505 e.
1160 4450 1216 4507 etc.
